1494 2671
644 52 947 138 (⁴3¹6)

171 163 331 237 quam
357 160 633 213 amicorum
655 155 1076 213 benevolentiam.
1130 158 1262 214 Tuis
1283 160 1404 215 ulti-

169 235 265 289 mis
314 232 472 290 literis
517 251 598 286 me
641 232 864 287 maxime
911 246 1187 290 recreatum
1227 235 1402 290 sentiO.

164 310 278 381 Jam
322 308 411 362 diu
450 306 703 377 prioribus
739 307 842 361 tuis
879 307 1210 363 humanitatis
1236 310 1404 380 plenis

168 382 557 457 respondissem,
595 382 629 437 fi
658 381 780 456 quid
810 398 1007 437 certum
1032 383 1092 436 de
1115 385 1402 440 valetudine

165 479 275 515 mea
314 457 647 529 pronunciare
688 458 835 511 ausus
882 456 1126 530 fuiffem3
1182 458 1396 518 subinde}

167 534 306 590 enim
332 551 449 587 cum
477 552 556 587 me
592 534 689 603 jam
719 532 893 585 sanum
925 531 1220 606 salvumque
1244 534 1400 588 credi-

167 611 367 675 deram,
415 606 689 661 recidivam
731 607 892 678 paffus
929 607 1060 661 inter
1093 607 1226 678 spem
1267 622 1407 666 mor-‘

114 747 116 749 ,
162 683 392 758 bumque
434 682 526 736 diu
566 681 790 736 versatus
825 680 1001 736 distuli
1047 683 1108 736 ad
1147 698 1195 736 te
1232 683 1402 738 literas

134 762 137 765 ’
168 760 315 822 dare,
362 756 521 811 donec
557 771 694 811 certo
732 756 932 831 aliquot
961 756 1160 812 dierum
1203 757 1401 830 experi-

169 848 344 890 mento
387 851 468 887 me
507 831 704 903 prorsus
749 830 1049 886 convaluiffe
1082 832 1401 888 confiderem.

167 911 294 965 Haec
315 907 565 962 cunctatio
600 906 807 962 ultimas
830 922 942 961 tuas
971 906 1202 961 amicitiae
1232 909 1401 979 plenas

166 984 263 1039 tibi
281 980 509 1054 expressit
526 982 692 1037 literas
711 986 766 1037 ὃ(
787 980 915 1037 mihi
932 981 1104 1036 attulit
1119 982 1401 1039 remedium

168 1059 349 1114 utilius
384 1077 443 1111 eo
479 1061 533 1111 ὃς
572 1055 873 1128 jucundiu5‚
911 1059 1048 1131 quod
1076 1056 1203 1112 mihi
1235 1077 1262 1112 a
1290 1058 1400 1112 Dno

165 1133 366 1188 Veenio
387 1152 473 1206 per
493 1130 856 1186 Helmontium
879 1131 1049 1187 mifisti
1070 1132 1262 1186 summa
1280 1152 1397 1188 cum

165 1228 285 1269 cura
330 1211 385 1263 δί
431 1205 793 1261 festinatione:
849 1226 1140 1282 quanquam
1184 1207 1402 1274 frustra,

164 1284 353 1341 famula
379 1282 516 1343 enim
542 1301 629 1353 per
651 1282 1009 1354 negligentiam
1032 1282 1200 1337 eversa
1225 1282 1400 1353 phiola

166 1358 423 1415 inclusum
448 1357 628 1411 effudit
661 1356 930 1429 liquorem.
1004 1358 1105 1411 Sed
1132 1359 1231 1430 jam
1258 1357 1398 1428 spero

165 1453 272 1489 non
311 1431 529 1503 amplius
566 1451 692 1504 opus
731 1431 824 1486 erit
866 1432 1118 1498 remediiS,
1170 1432 1401 1505 quamvis

162 1508 376 1565 subinde
404 1507 550 1565 laevia
579 1506 810 1583 quiedam
848 1506 1010 1561 sentio
1041 1507 1398 1578 symptomata,

163 1605 279 1660 quae
305 1584 447 1654 spero
477 1601 579 1636 non
614 1582 1001 1636 recrudescentis
1027 1583 1147 1637 mali
1179 1583 1270 1641 effe
1306 1582 1399 1636 mi-

163 1680 252 1724 nas
276 1659 356 1712 sed
384 1657 610 1720 abeuntis
636 1657 891 1730 reliquias,
965 1658 1086 1711 Haec
1113 1658 1174 1711 ad
1196 1673 1244 1710 te
1265 1657 1395 1728 figil-

164 1734 308 1790 latim
346 1732 558 1786 scribere
584 1751 688 1785 non
716 1751 918 1797 vereor,
955 1731 1074 1805 quia
1102 1733 1163 1785 de
1201 1732 1393 1786 valetu-

165 1810 284 1863 dine
312 1828 418 1863 mea
448 1807 514 1860 ita
540 1806 783 1861 sollicitus
808 1826 873 1870 ea,
910 1821 968 1859 ut
994 1806 1098 1860 alio
1120 1806 1269 1861 modo
1296 1822 1397 1860 tuae

164 1881 471 1941 humanitati
529 1881 684 1952 magis
742 1882 880 1951 grate
932 1881 1232 1954 respondere
1290 1901 1395 1936 non

161 1958 346 2032 possim.
423 1956 633 2012 Gaudeo
657 1956 978 2019 vehementer
1010 1972 1060 2011 te
1091 1975 1248 2027 pauco
1285 1956 1399 2017 san-

162 2033 316 2104 guine
345 2030 600 2091 redemisse
644 2031 781 2104 quod
820 2030 910 2084 tibi
943 2030 1260 2102 impendebat
1293 2051 1395 2085 ma-

162 2112 285 2165 lum.
362 2108 517 2177 Spero
543 2120 592 2158 te
618 2125 672 2159 ea
699 2105 926 2159 cautione
964 2109 1018 2160 ἃ
1048 2105 1244 2160 mature
1269 2105 1394 2159 sem-

161 2203 246 2254 per
275 2182 517 2236 usurum:
561 2180 940 2254 quamprimum
983 2181 1205 2254 aliquam
1242 2180 1394 2242 sentis

160 2259 452 2328 gravitatem
490 2255 741 2326 emporia,
779 2254 1053 2324 praesertim
1093 2255 1264 2324 capitis
1305 2257 1389 2316 vel

163 2332 465 2394 ventriculi,
504 2331 565 2386 ad
602 2349 742 2383 venae
780 2329 1043 2384 sectionem
1092 2330 1186 2383 tibi
1229 2329 1393 2387 statim

159 2405 574 2477 confugiendum.
651 2406 765 2460 Hoc
803 2404 856 2458 ni
891 2403 1038 2459 facias
1080 2405 1139 2460 de
1178 2420 1226 2458 te
1276 2404 1394 2457 sano

1241 2497 1396 2552 magis
