1494 2671
547 46 846 137 (30¹)

75 155 208 212 hanc
243 153 373 211 mihi
404 152 563 208 velles
594 152 815 208 eximere
839 151 1222 226 aegritudinem‚
1256 161 1315 215 δε

78 246 166 287 tua
203 228 534 297 authoritate,
568 247 674 312 qua
712 228 994 301 plurimum
1030 231 1160 302 apud
1196 252 1320 304 prae-

80 305 430 361 stantissimum
449 304 707 360 Veenium
736 305 915 376 polleS,
948 304 1072 359 huic
1097 311 1320 380 querelae

80 396 183 435 tam
222 381 363 454 justae
391 380 548 434 finem
586 378 882 450 imponeres,
956 379 1029 447 Si,
1071 384 1213 455 quod
1240 384 1319 439 vi-

82 456 216 510 deris
249 455 571 528 promittere,
619 454 702 508 sed
741 453 869 509 heu!
906 454 1121 526 longum
1158 458 1317 527 abest,

79 531 200 586 his
186 550 241 586 m
267 531 483 586 collibus
508 533 565 585 &
590 529 844 602 sylvarum
871 529 1066 597 umbra,
1103 535 1190 587 tua
1215 504 1319 591 frui

81 606 280 661 daretur
318 610 374 662 ὃ(
411 605 688 661 amicorum
732 605 1017 659 nostrorum
1055 607 1323 665 consuetu-

80 681 218 748 dine,
252 680 506 736 crederem
533 699 629 752 ego
658 679 909 764 specimen
945 680 1155 755 aliquod
1180 684 1321 742 aurei

79 756 275 811 rediiffe
307 755 491 812 saeculi.
578 755 719 812 Nam
763 755 952 822 virtus,
1008 756 1320 831 benignitas,

80 851 178 901 pax
200 835 257 887 ὅ(
285 831 442 886 fides
431 851 485 886 1n
509 831 664 904 sylvis
691 829 856 887 solum
887 832 1161 904 degebant,
1199 836 1318 909 qui

78 906 212 960 bus
200 926 253 961 m
281 907 587 963 urbanorum
611 905 885 962 hominum
909 906 1198 995 frequentia
1227 930 1319 967 Vix

80 983 228 1037 datur
247 982 405 1037 locus,
480 981 563 1038 Sic
582 982 874 1036 cecinerunt
899 988 1094 1052 po'e'tae:
1131 1003 1198 1039 an
1224 986 1318 1042 ali-

78 1056 206 1131 quid
227 1057 366 1112 aliud
386 1076 477 1112 nos
502 1056 683 1112 docent
709 1056 952 1123 historici,
971 1058 1068 1113 hoc
1092 1073 1317 1133 tempore

78 1151 186 1186 non
225 1132 298 1187 est
333 1131 463 1188 mihi
491 1131 782 1206 inquirendi
813 1132 1025 1187 animus.
1099 1136 1316 1194 Gaudeo

80 1206 285 1262 fratrem
329 1222 476 1262 tuum
513 1206 819 1262 convaluisse
852 1211 908 1262 ὅ(
946 1207 1048 1262 fine
1086 1211 1318 1279 graviore

78 1281 255 1356 aliquo
282 1282 628 1355 symptomate.
688 1282 887 1336 Locum
911 1281 1062 1339 illum
1075 1284 1318 1357 Epistolae

79 1372 185 1412 tuae
212 1357 301 1412 ubi
324 1358 620 1430 scriptorum
644 1373 855 1412 tuorum
888 1358 1181 1415 memineris
1211 1380 1317 1418 non

79 1433 182 1488 fine
202 1448 412 1488 moerore
433 1432 554 1505 legi,
589 1433 750 1488 sentio
765 1447 1004 1506 quantam
1026 1454 1091 1489 ex
1109 1435 1317 1493 disceffu

83 1526 198 1562 meo
219 1507 419 1563 fecerim
444 1510 684 1581 jacturam
704 1512 759 1563 <Sc
781 1508 1053 1579 voluptatis
1070 1514 1125 1565 ὃ(
1151 1513 1318 1567 erudi-

82 1581 238 1637 tionis
263 1584 404 1656 quod
426 1601 530 1638 non
558 1582 767 1665 legerim
794 1582 989 1666 reliqua
1014 1599 1103 1639 tua
1122 1585 1317 1661 scripta,

82 1676 148 1712 ex
188 1658 374 1732 quibus
411 1676 515 1712 non
541 1676 804 1712 {minorem
845 1657 973 1713 mihi
999 1659 1164 1714 lucem
1186 1682 1316 1734 pro-

82 1731 336 1789 mitterem
372 1752 532 1807 quam
571 1752 635 1789 ex
672 1735 772 1806 jam
816 1733 955 1788 lestis
992 1736 1154 1790 multo
1195 1757 1314 1794 cum

83 1807 255 1864 fructu
283 1808 613 1880 percepissem.
688 1807 744 1863 Si
770 1808 844 1862 vis
880 1823 938 1863 ut
962 1810 1151 1865 fincere
1180 1816 1235 1868 ὅ(
1264 1834 1315 1868 a·

83 1885 224 1954 perte
252 1884 433 1952 dicam,
470 1882 661 1939 nullibi
689 1882 846 1955 reperi
870 1883 1135 1958 opiniones
1162 1889 1317 1971 magis

82 1957 308 2025 dilucide
338 1959 630 2030 propofitaS,
666 1975 1082 2030 argumentorum
1108 1964 1315 2017 rationi

85 2031 180 2088 bus
211 2021 394 2088 melius
417 2033 671 2099 subnixam,
706 2054 733 2087 a
761 2034 977 2104 partium
1004 2036 1178 2091 studiis
1202 2039 1315 2093 lon-

65 2107 202 2180 'gius
226 2124 469 2175 remotaS‚
504 2111 560 2163 ὃ(
600 2108 802 2164 veritati
839 2128 928 2191 per
963 2111 1133 2165 omnia
1160 2113 1317 2183 magis

84 2183 384 2239 conformes,
455 2152 573 2239 ’Hoc
597 2203 678 2239 me
699 2202 762 2236 ex
783 2202 956 2238 animo
979 2185 1197 2255 proferre
1221 2189 1317 2241 du·

86 2256 238 2312 bitare
265 2277 369 2312 non
409 2275 577 2330 potes,
613 2257 733 2312 cnm
773 2277 852 2311 me
886 2274 989 2312 tam
1027 2259 1317 2341 importune

57 2345 187 2387 ‘tam
212 2333 378 2388 dedita
405 2353 555 2404 opera
583 2333 811 2386 criticum
846 2348 947 2387 tam
975 2353 1146 2406 paneis
1170 2354 1315 2408 potu

86 2405 169 2460 iffe
193 2407 394 2462 dentem
415 2408 734 2479 malignum
722 2408 1012 2481 imprimere
1029 2426 1176 2483 patet.
1214 2413 1314 2467 Sed

535 2503 572 2555 4
1236 2508 1319 2558 me
