1494 2671
537 51 839 143 (381)

62 155 348 236 Iohannem
366 159 678 227 Eduardum,
713 159 852 235 quod
880 160 1114 233 praeclare
1140 162 1305 221 haffiie⁴³

68 258 166 294 nus
192 237 246 293 in
260 236 448 308 Anglia
460 250 635 291 contra
650 236 974 292 Socinianam
995 237 1205 294 haeresin
1222 259 1306 294 va-

68 314 159 370 riis
189 311 382 384 scriptis
406 310 727 377 militaverit,
764 311 1058 387 librumque
1087 313 1308 369 ediderit

68 388 472 446 Meditationum
487 387 808 461 quarundam
829 387 891 442 de
912 389 1064 442 caufis
1087 392 1142 444 δί
1169 409 1308 444 occa·

68 463 205 520 fione
234 461 498 528 atheismi,
535 461 770 516 hodierni
797 463 1072 534 praesertim
1099 464 1267 519 saeculi
1286 488 1309 534 5
1356 525 1361 526 ⁷

66 538 124 595 in
145 537 439 613 quo'passim
461 537 649 592 autoris
675 539 829 610 hujus
848 539 1092 609 anonymi
1107 540 1311 594 senten-

67 614 181 682 tiaS‚
210 628 270 669 ut
288 612 589 687 periculosas
607 615 663 667 ὅ(
683 633 711 667 a
732 611 1078 668 socinianismo
1098 634 1152 669 ac
1170 615 1312 669 athe-

66 689 197 744 ismo
232 708 338 744 non
374 687 560 742 alienas
597 688 901 759 perstrinxit.
976 689 1311 763 Subjungunt

64 764 203 819 hisce
215 762 575 835 compendium
594 764 817 819 duorum
834 762 1155 835 scriptorum,
1183 785 1313 840 quo-

67 859 187 896 rum
211 841 430 895 alterurn
442 839 607 893 brevis
625 858 716 910 pro
741 842 956 895 tractatu
970 840 1064 895 illo
1083 842 1154 896 est
1170 844 1312 914 Apo-2

19 922 25 926 ’
72 914 252 987 logia3
291 915 508 970 alterum
531 914 782 985 Johannis
823 915 1073 984 Eduardi‚
1121 917 1311 985 tituloff

66 990 377 1062 Socinianism
416 989 683 1061 unmasked.
776 991 867 1045 Tu
915 989 1035 1046 illos
1071 995 1311 1047 tradatus

69 1064 259 1122 rediiis
291 1084 381 1121 me.
407 1064 555 1120 nosti.
629 1064 891 1121 Videntur
928 1066 1130 1135 dolere,
1170 1067 1313 1144 quod

69 1139 422 1197 meditationes
447 1140 673 1195 Eduardi
710 1141 822 1213 ipfis
856 1141 919 1196 ad
958 1161 1169 1198 manum
1202 1162 1309 1198 non

68 1216 265 1272 fuerint
293 1240 312 1290 3
350 1215 471 1271 alias
495 1219 551 1271 ὃ(
588 1214 798 1271 illarum
832 1218 1190 1290 compendium
1219 1220 1309 1274 ha‘

70 1291 359 1363 buiffemus,
428 1291 653 1364 Systema
677 1292 946 1364 theologiae
971 1312 1050 1348 me
1073 1294 1311 1367 scripsisse

70 1367 200 1422 nosti
220 1387 235 1422 ε
273 1386 379 1422 non
400 1379 573 1422 tamen
586 1386 644 1422 eo
663 1366 716 1422 in
731 1366 892 1438 pretio
906 1369 1036 1441 apud
1053 1389 1133 1424 me
1151 1370 1308 1443 syste-

69 1456 204 1498 mata
226 1443 363 1510 sunt‚
400 1456 459 1496 ut
484 1461 589 1497 non
607 1443 745 1497 hunc
769 1444 1014 1516 exiguum
1038 1448 1310 1501 tradatum

73 1517 256 1572 multis
301 1517 652 1589 systematibus
693 1519 999 1593 praeferamg,
1047 1520 1153 1576 imo
1194 1523 1314 1592 plus·

73 1611 203 1646 verae
238 1591 505 1663 theologiae
554 1612 618 1646 ex
664 1592 756 1647 illo
790 1612 941 1667 quam
981 1615 1045 1650 ex
1091 1598 1308 1668 operosis

72 1668 354 1728 multorum
381 1667 728 1739 systematibus
751 1669 962 1725 haufiffe
980 1691 1061 1727 me
1088 1671 1310 1743 ingenue}

72 1742 328 1814 profiteor.
404 1743 501 1798 Sed
532 1747 653 1798 vero
688 1744 997 1816 theologiam
1033 1761 1179 1802 autor
1214 1747 1308 1802 ille

75 1817 231 1872 tradit
255 1817 406 1872 nimis
431 1817 630 1872 facilem
646 1862 659 1885 ,
695 1819 844 1874 nimis
870 1821 1067 1888 laxam,
1104 1841 1216 1896 quae
1236 1823 1307 1878 sa-

67 1893 237 1948 lutem
256 1893 478 1964 angustis
497 1893 840 1948 humanorum
859 1896 1170 1952 decretorum
1195 1897 1306 1952 vin-

76 1967 203 2021 culis
240 1968 492 2039 alligatam
530 1968 742 2024 minime
773 1970 957 2044 cupit‘,
1006 1992 1098 2027 nec
1132 1974 1306 2028 ortho-

75 2042 282 2097 doxiam
309 2061 373 2096 ex
397 2043 640 2098 sectarum
664 2044 1060 2114 confeflionibuS‚
1094 2049 1176 2102 sed
1198 2049 1305 2104 solo

74 2116 234 2172 verbo
253 2116 426 2170 divino
452 2118 651 2172 arcessit.
727 2120 841 2174 Hoc
861 2122 1053 2176 crimen
1080 2124 1149 2178 est
1169 2125 1307 2196 quod

76 2191 408 2247 socinianismi
446 2197 500 2248 δί
530 2193 762 2248 atheismi
802 2195 978 2253 infami
1011 2198 1231 2252 convitio
1274 2202 1306 2254 ὲ.

78 2265 368 2322 doc‘toribus
419 2267 747 2343 systematicis
795 2273 989 2326 traduci
1044 2289 1267 2327 meretur
1294 2294 1309 2328 τ

37 2342 47 2348 ’
81 2357 183 2394 non
215 2341 388 2408 aliter,
425 2362 480 2397 ac
507 2343 570 2408 fi,
607 2343 698 2416 qui
725 2345 944 2401 humana
980 2348 1159 2418 placita
1192 2348 1306 2403 reli-

66 2414 216 2488 giose
239 2417 442 2472 adorare
465 2418 708 2485 recusant,
746 2439 805 2474 eo
831 2420 936 2493 ipso
960 2441 1160 2480 omnem
1187 2424 1305 2476 reli—-

1102 2498 1305 2568 gionem
