1494 2671
545 68 840 164 (493)

78 195 284 248 natum,
320 177 540 253 eousque
565 196 669 232 non
699 177 969 250 procedens
1000 188 1059 231 ut
1089 194 1190 232 nos
1213 177 1309 232 im„

83 257 239 326 pellat
264 254 325 310 ad
345 253 617 309 volendum
637 253 857 309 tuitiones
883 251 1068 325 quibus
1093 252 1333 308 obtineri·

79 329 221 402 poffit
246 330 375 384 illud
399 328 594 382 bonum
623 328 680 382 in
707 329 844 402 quod
874 327 1123 382 ferebatur
1159 327 1312 382 breve

79 405 213 460 illud
240 403 570 460 desiderium:
608 422 701 458 nec
722 402 998 476 incompleta
1024 402 1123 456 dici
1148 403 1311 474 potest

79 479 301 533 voluntas
317 479 404 533 ubi
424 479 564 533 nulla
578 477 790 533 omnino
812 479 881 532 est
900 477 1096 545 voliti0‚
1120 478 1314 534 etiamfi

0 581 1 609 z
79 554 262 610 scholae
288 554 585 608 velleicatem
613 554 863 625 appellare
892 570 1076 607 ament.
1148 553 1315 620 Quod

0 658 1 662 =
79 630 115 684 fi
139 629 287 683 breve
313 629 444 683 illud
471 628 766 683 desiderium
804 627 1025 701 eousque
1049 629 1313 701 procedat,

80 718 138 759 ut
157 723 246 758 nos
269 705 328 758 ad
354 704 630 759 volendum
658 703 880 778 aliquam
906 702 1150 758 astionem
1174 704 1313 759 exci-

79 794 179 844 tet,
226 779 452 833 voluntas
488 778 578 834 illa
618 796 722 833 non
763 779 838 833 est
874 779 1176 854 incompleta,
1225 778 1312 834 sed

78 856 354 924 completus
380 856 517 908 astus
551 854 782 921 volendi,
818 853 1007 908 etiamsi
1036 854 1206 910 orniffa
1230 854 1314 908 ul·

78 928 259 983 teriore
301 928 530 982 inefficax
569 929 628 984 fit
662 929 723 983 ad
750 928 1083 985 obtinendum
1117 928 1311 986 bonum

75 1004 379 1076 propositum
413 1004 552 1078 quod
588 1003 797 1058 cessante
833 1003 1074 1058 defiderio
1098 1001 1337 1077 negligi--

78 1094 178 1133 tur.
256 1080 313 1133 In
340 1078 419 1133 his
443 1082 498 1133 &
524 1077 816 1151 hujusmodi
835 1078 1018 1134 mentis
1034 1078 1312 1135 aetionibus

77 1154 201 1208 adeo
226 1154 406 1208 celeres
431 1153 551 1208 sunt
589 1168 756 1207 motus
782 1153 970 1220 animi,
1008 1158 1064 1209 &
1095 1155 1227 1209 inter
1258 1154 1312 1209 se

77 1228 352 1301 conjmffi,
377 1242 436 1282 ut
463 1246 567 1282 non
587 1228 780 1283 mirum
802 1230 877 1295 sit,
902 1230 1042 1303 quod
1064 1229 1207 1301 saepe,
1233 1229 1312 1284 uti

76 1303 163 1370 fit,
201 1303 605 1370 confundantur,
652 1323 770 1378 quae
811 1303 1053 1359 attentius
1089 1305 1311 1360 confide-

78 1377 211 1433 ranti
240 1378 592 1450 distinguenda
617 1378 765 1444 sunt,
802 1395 861 1433 ut
888 1380 1020 1434 reete
1043 1394 1312 1453 conceptus

78 1454 272 1508 nostros
305 1452 595 1508 formemus,
668 1453 763 1507 Vis
795 1454 951 1508 libere
986 1455 1147 1510 dicam
1181 1457 1310 1530 quid

80 1527 175 1582 hac
211 1528 273 1581 de
310 1547 363 1581 re
393 1527 565 1581 sentio.
638 1529 811 1583 Homo
838 1530 1000 1584 fertur
1038 1530 1086 1584 in
1115 1531 1306 1589 bonum

81 1603 248 1657 absens
274 1603 370 1657 five
397 1603 562 1657 finem.
637 1603 825 1658 Multis
854 1604 999 1658 fimul
1030 1606 1310 1663 intellectui

78 1676 454 1732 obversantibus
496 1677 640 1732 bonis
687 1696 788 1733 non
839 1679 1174 1735 subordinatis
1215 1701 1308 1739 nec

77 1752 471 1819 consistentibus3
509 1753 663 1807 homo
700 1773 876 1820 unum,
920 1756 1154 1825 neglectis
1179 1757 1310 1822 aliis,

81 1827 170 1882 fibi
205 1827 441 1901 proponit
475 1840 534 1882 ut
571 1828 752 1895 finem,
789 1829 819 1881 i.
844 1849 884 1883 e.
920 1844 980 1882 ut
1005 1831 1307 1906 prosequen-

79 1901 200 1956 dum
216 1946 230 1968 ,
268 1903 363 1956 hoc
388 1902 507 1956 facit
527 1903 835 1970 voluntarie,
872 1905 1097 1978 adeoque
1122 1908 1307 1962 volun-

79 1991 153 2031 tas
194 1978 357 2030 fertur
397 1977 448 2031 in
490 1976 629 2032 iilam
661 1979 904 2033 afflonem
951 1980 1164 2047 mentiS‚
1203 2002 1306 2058 qua

79 2071 239 2106 unum
262 2071 361 2122 prae
382 2051 590 2126 reliquis
610 2053 698 2108 fibi
726 2054 960 2126 proponit
983 2071 1039 2109 ut
1060 2056 1230 2124 finem,
1248 2062 1306 2113 ἃ

80 2127 132 2180 in
161 2146 217 2181 ea
243 2127 434 2181 afflone
459 2127 779 2194 terminatur,
816 2130 990 2184 eodem
1027 2132 1175 2185 modo
1202 2152 1308 2206 quo

80 2202 381 2256 terminatur
425 2202 478 2255 in
525 2203 899 2275 computatione
948 2207 1151 2276 quando
1196 2210 1308 2264 vult

82 2286 372 2340 numerare,
424 2278 501 2329 vel
542 2278 594 2329 in
633 2277 856 2331 morione
890 2281 1067 2348 pedum
1102 2285 1307 2355 quando

84 2353 194 2404 vult
218 2352 489 2405 ambulare.
564 2351 649 2405 Ob
680 2354 808 2405 hanc
834 2355 1171 2409 volmitariam
1194 2378 1305 2429 pro-

82 2427 371 2498 pofitioncm
410 2427 549 2481 istius
578 2427 713 2493 boni,
761 2445 812 2481 τις
850 2428 981 2493 time,
1021 2430 1174 2485 fateor
1195 2453 1305 2487 non

1190 2527 1303 2563 ram·
