1494 2671
652 72 944 163 (302)

162 196 244 233 me
262 173 532 231 miserum!
572 190 805 246 magnam
826 189 1020 248 partem
1039 171 1231 233 frufifis
1251 175 1405 254 quoni

160 274 229 309 ex
258 253 349 307 ista
377 269 486 306 mea
513 248 681 304 critica
714 249 980 305 severitate
1000 252 1130 306 mihi
1150 255 1407 325 proposui,

161 327 379 405 perdidi.
444 324 675 381 Plurima
695 325 832 381 enim
855 345 969 399 quae
990 327 1119 382 inter
1134 329 1407 399 legendum

162 420 463 461 notaveram
501 420 609 456 non
654 403 762 455 tam
801 401 881 456 tui
928 402 1213 476 corrigendi
1248 409 1408 479 quam

164 480 269 536 mei
307 476 619 533 informandi
657 475 756 530 feci
781 476 984 546 animo,
1023 479 1085 533 de
1114 480 1300 554 quibus
1334 494 1410 534 te-

162 575 284 612 cum
310 552 523 608 ulterius
548 551 1224 626 inquirendumstatueram.
1281 555 1410 610 Non

162 632 237 686 est
262 630 418 703 igitur
439 627 578 702 quod
607 627 736 681 mihi
776 642 918 682 tanto
945 629 1191 684 ardelioni
1226 630 1411 702 gratias

165 725 310 778 aga5‚
347 704 462 759 satis
507 703 582 758 est
618 703 655 758 fi
691 702 982 760 vehementi
1010 704 1166 761 nimis
1201 705 1411 780 inquisi-

167 780 271 836 tori
295 785 353 835 &
378 778 620 849 culpandi
652 779 791 834 ansas
815 779 1038 835 studiose
1059 781 1308 856 quaerenti
1336 781 1410 853 ig-

169 856 355 912 noscas,
430 856 747 929 Quanquam
774 874 881 910 non
905 857 1040 911 male
1062 856 1204 928 pistae
1230 855 1416 911 tabulae

168 931 421 987 indicium
455 930 528 985 est
568 931 603 985 fi
642 931 758 1005 quis
786 946 994 1003 cogatur
1022 932 1076 986 in
1105 952 1159 986 ea
1185 949 1416 1006 quaerere

171 1026 364 1062 naevos·
437 1006 657 1061 Utinam
688 1025 804 1080 quae
829 1026 921 1078 ego
942 1007 1158 1061 meditor
1177 1026 1236 1061 eo
1260 1006 1413 1062 effent

173 1082 354 1153 scripta
396 1080 636 1136 idiomate
662 1097 721 1134 ur
750 1096 809 1135 tu
854 1082 1036 1152 poteris
1072 1081 1205 1136 vices
1242 1100 1419 1153 repen-

176 1159 318 1224 dere,
354 1156 597 1228 reperires
619 1170 668 1210 te
692 1156 964 1211 ulciscendi
991 1157 1242 1229 copiosam
1263 1170 1419 1211 mate-

179 1232 326 1288 riam.
381 1231 544 1299 Quod
568 1230 739 1285 scribis
758 1231 819 1285 de
837 1231 1004 1286 critici
1029 1232 1248 1287 critico*
1265 1231 1417 1287 facile

180 1309 370 1380 credo‘·7
407 1306 784 1381 quamprimum
813 1307 951 1360 enim
979 1308 1120 1379 attigi
1148 1307 1303 1362 istum
1323 1324 1421 1362 un-

178 1382 623 1452 decimaeepistolae
643 1383 832 1448 locum,
868 1382 1073 1437 videbar
1094 1382 1224 1436 mihi
1245 1382 1420 1437 audire

179 1457 576 1529 obstrepentium
615 1457 1004 1512 exclamationes
1041 1458 1178 1530 quafi
1210 1458 1272 1512 de
1302 1457 1425 1512 reli-

182 1535 334 1607 gione
363 1532 577 1587 omnino
603 1535 767 1587 aestum
790 1531 925 1600 effer,
963 1532 1096 1588 nosti
1122 1531 1422 1605 hujusmodi

185 1608 456 1665 hominum
495 1626 686 1675 moreS‚
734 1608 1014 1680 quominus
1050 1608 1424 1663 heterodoxum

185 1683 384 1758 aliquid
426 1682 605 1755 poflint
641 1682 868 1737 refellere
907 1703 973 1739 ne
1014 1683 1151 1738 nihil
1191 1683 1247 1738 in
1281 1683 1426 1739 causa

190 1761 289 1814 Dei
329 1777 473 1829 agere
508 1758 804 1826 videantur,
840 1773 981 1813 tanto
1009 1759 1168 1831 magis
1191 1757 1427 1814 clamori·

188 1835 281 1889 bus
298 1877 312 1898 ‚
361 1833 786 1899 incusationibus,
836 1833 1101 1888 calumniis
1137 1833 1426 1906 insurgunt.

188 1911 367 1964 Fateor
401 1922 756 1978 argumentum
804 1908 937 1963 istud
980 1908 1205 1964 modeste
1246 1927 1428 1981 propo-

191 1984 417 2039 nendum
439 1983 598 2047 fuiffe,
637 1987 691 2037 δε
711 1982 857 2037 caute
877 1984 1209 2052 tractandum,
1245 1982 1330 2038 sed
1357 1999 1429 2038 ta²¹⁵

192 2078 309 2113 men
333 2058 578 2130 ejusmodi
606 2057 677 2112 est
702 2074 760 2112 ut
789 2074 1037 2114 mereatur
1060 2061 1265 2115 tandem
1290 2059 1427 2113 sum-

193 2152 420 2189 matum
449 2133 635 2187 acribia
664 2132 862 2187 discuti.
934 2134 989 2189 Si
1015 2135 1188 2190 omnia
1220 2153 1334 2208 quae
1369 2133 1425 2188 in

196 2209 340 2263 sacris
364 2207 506 2262 libris
520 2207 850 2263 continentur
870 2227 965 2280 pro
984 2209 1327 2281 theopneustis
1346 2227 1429 2280 pa-

195 2284 322 2338 riter
348 2282 574 2337 habenda
599 2283 701 2337 fine
726 2283 868 2338 omni
888 2283 1212 2351 discretione,
1249 2301 1428 2356 magna

258 2402 281 2425 *
301 2403 505 2443 Sentimens
533 2399 577 2441 de
598 2398 778 2499 tYuelqm’s
806 2393 1045 2458 Theologiens
1076 2398 1120 2443 de
1150 2394 1338 2441 Hollande
1354 2394 1430 2454 sur

200 2458 225 2501 Γ
239 2457 403 2516 Histoire
422 2458 577 2514 critique
624 2471 647 2497 n
663 2458 710 2501 P.
723 2457 865 2499 Simon.

1316 2509 1434 2564 sane
