1494 2671
644 29 679 117 <
732 31 862 116 526
909 31 942 119 )
1027 102 1029 105 ⁴

163 128 283 186 dedi
335 128 390 183 in
412 127 700 201 Theologia
742 149 852 186 mea
891 127 1181 189 Christiana
1220 134 1308 192 lib.
1334 128 1388 194 i'i.a

148 225 255 289 cap.
281 202 429 287 xxiii.
456 207 512 278 §2
543 223 651 272 1‚2.
728 206 907 279 Itaque
939 207 975 262 fi
998 227 1086 279 per
1112 208 1389 283 incogitan-

147 297 274 337 tiam
302 300 367 334 ex
393 293 670 335 inveterata
694 281 1060 338 consuetudine
1089 283 1220 339 mihi
1254 287 1387 341 forte

148 357 413 421 exciderit,
449 355 766 410 voluntatem
794 356 888 410 effe
913 357 1141 423 liberam,
1179 379 1302 431 rogo
1328 375 1386 415 ut

148 431 204 486 id
235 450 348 488 meo
385 431 529 485 sensu
567 430 807 504 accipia3‚
842 450 897 486 ac
930 433 966 487 fi
992 433 1225 489 dixissem
1256 435 1385 490 actio

150 505 364 563 volendi
391 507 462 561 est
499 505 685 572 libera,
733 506 818 561 seu
856 507 1011 562 homo
1049 508 1104 562 in
1143 509 1385 565 elicienda

147 584 344 638 afflone
378 580 586 636 volendi
623 582 695 636 est
733 582 897 636 liber:
954 601 1010 636 ac
1044 583 1256 656 proinde
1296 605 1387 656 pro

149 658 319 714 verbis
345 658 486 723 meiS‚
523 657 559 712 fi
578 672 665 712 tua
684 656 932 713 libertatis
958 658 1190 712 definitio
1215 661 1392 732 agnos-

147 749 320 801 catur,
357 748 538 787 certum
561 732 626 805 est
653 733 926 787 libertatem
954 733 1081 787 nullo
1112 734 1245 788 modo
1269 756 1390 789 com-

139 826 313 888 petere
337 809 582 863 voluntati
596 852 611 875 ,
647 808 756 862 haec
780 809 1077 875 substituas,
1114 824 1296 863 certum
1321 810 1387 883 est

143 888 375 941 astionem
401 883 594 938 volendi
613 888 891 957 neutiquam
915 884 1009 958 cst}
1037 883 1250 952 liberam,
1276 878 1388 958 seu,

144 962 377 1016 hominem
414 980 503 1013 non
542 959 690 1013 libere?
723 959 860 1012 velle.
938 960 1142 1015 Gratias
1186 960 1387 1017 interim

144 1038 241 1092 tibi
271 1056 389 1109 agO,
430 1036 570 1108 quod
608 1035 1020 1090 inconsideratam
1058 1037 1188 1089 hanc
1224 1053 1388 1093 meam

144 1114 458 1169 locutionem
478 1109 608 1163 mihi
629 1109 958 1164 indicaveris:
994 1130 1087 1181 ego
1108 1110 1307 1164 annitar
1327 1126 1387 1166 ut

143 1189 202 1243 in
228 1189 485 1262 posterum
521 1203 724 1238 omnem
760 1184 1049 1257 ambiguam
1074 1185 1387 1243 locutionem

144 1265 322 1330 vitem,
365 1266 422 1316 δί
449 1260 512 1315 ab
537 1260 718 1315 inolita
746 1260 993 1333 loquendi
1025 1261 1386 1316 consuetudine

142 1360 247 1395 non
275 1335 531 1409 abripiar-³
569 1355 633 1389 ne
659 1336 765 1390 ulla
791 1335 845 1389 in
870 1334 1035 1390 verbis
1064 1335 1189 1391 meis
1218 1337 1276 1392 fit
1299 1337 1388 1391 ob-

144 1417 370 1471 scuritas.

219 1490 534 1545 Libertatem
561 1504 653 1557 ego
677 1484 889 1541 definivi
915 1505 1002 1558 per
1026 1484 1314 1541 dominium
1334 1486 1385 1541 in

141 1566 357 1622 actiones
378 1584 391 1618 z
423 1561 542 1636 quia
562 1581 666 1615 vox
686 1561 922 1616 Dominii
942 1561 1035 1615 tibi
1053 1560 1388 1632 explicatione

142 1643 369 1713 indigere
389 1638 610 1702 videtur,
645 1636 920 1708 (implicitis
939 1636 1067 1702 dico,
1099 1636 1386 1692 libertatem

139 1717 235 1772 effe
262 1715 559 1769 facultatem
593 1713 820 1766 hominis
851 1711 1097 1766 astionem
1134 1711 1274 1766 suam
1303 1713 1386 1766 vel

141 1790 399 1854 eliciendi,
424 1789 508 1842 vel
529 1804 633 1840 non
661 1786 890 1841 eliciendi
913 1807 928 1840 ε
966 1787 1058 1862 qui
1080 1787 1383 1841 alterutrum

140 1882 345 1922 tantum
373 1863 549 1937 potest,
587 1880 692 1916 non
712 1864 783 1916 est
804 1861 945 1915 liber.
1020 1863 1115 1915 Per
1136 1859 1382 1916 actionem

142 1957 312 1997 autem
349 1959 442 2012 ego
472 1936 707 2010 intelligo
732 1936 971 1992 actionem
1002 1954 1386 2010 quamcunque,

142 2017 293 2073 etiam
333 2015 550 2070 actiones
585 2013 804 2067 internas
844 2011 1165 2084 intelligendi
1201 2029 1257 2065 ac
1295 2029 1382 2064 vo⁴

141 2093 278 2147 lendi
305 2112 317 2145 ε
355 2090 485 2144 circa
511 2087 836 2164 quascunque
859 2087 1076 2141 actiones
1101 2105 1208 2141 non
1230 2085 1385 2139 habet

140 2169 301 2222 homo
334 2166 463 2220 hanc
501 2164 789 2219 facultatem
826 2181 905 2217 eas
934 2162 1017 2216 vel
1043 2160 1275 2216 eliciendi
1303 2161 1381 2213 vel

141 2261 251 2297 non
279 2240 533 2305 eliciendi,
569 2238 654 2292 sed
679 2239 980 2294 alterutrum
1002 2252 1199 2290 tantum
1224 2235 1386 2306 potest.

140 2318 221 2372 hae
242 2335 345 2371 non
371 2315 485 2369 sunt
507 2313 679 2368 liberae
703 2334 717 2367 z
755 2317 813 2368 &
839 2313 958 2385 quia
980 2311 1057 2366 illi
1077 2312 1208 2365 hanc
1226 2309 1383 2364 facul-

139 2405 294 2448 tatem
320 2389 494 2446 tribuo
513 2389 643 2446 circa
668 2387 886 2448 actiones
905 2385 1127 2454 volendi,
1165 2384 1387 2516 idezgas

1286 2477 1300 2511 1
1338 2477 1387 2513 ea
