1494 2671
566 25 866 116 (531)

95 125 274 193 nibus,
323 129 356 182 ὲ
396 123 582 201 quibus
619 124 779 181 homo
816 126 984 199 potuit
1025 108 1343 187 alistinuiffes

96 202 194 258 effe
233 200 492 259 liberum:
545 199 760 258 minime
802 204 925 258 vero
970 201 1007 257 fi
1050 201 1341 259 abstinuisse

95 293 200 333 non
228 276 410 349 potuit,

175 368 223 408 2.
258 347 532 418 Similiter,
569 348 812 428 quosdam
838 349 933 407 effe
957 352 1113 422 casus,
1149 353 1204 408 in
1224 354 1338 430 quia

91 425 186 483 bus
210 425 367 484 homo
393 445 498 483 non
526 426 689 499 potest
723 445 825 482 non
848 427 1011 495 velle,
1048 433 1104 484 &
1138 447 1243 485 non
1282 450 1336 487 a·

91 521 207 576 gere
233 524 252 577 5
291 502 412 578 quia
447 501 686 558 facultate
712 521 818 557 non
850 502 1034 575 agendi
1061 505 1337 561 destitutus

90 577 180 635 est.
253 578 351 634 Sed
378 580 501 633 vero
526 576 582 632 in
613 577 847 634 omnibus
876 577 1068 633 astibus
1097 579 1336 635 obedien-

89 652 175 707 tiae
197 652 259 709 ab
284 652 388 726 ipso
410 652 725 725 praestandiS‚
760 657 818 709 <Sc
838 652 904 709 ob
924 672 1052 728 quos
1072 673 1180 709 non
1206 672 1331 727 prae·

90 727 231 784 stitos
257 747 416 801 poenae
443 747 558 784 reus
587 729 671 796 fit,
707 728 925 784 liberum
952 728 1127 798 credo,
1165 749 1333 805 neque

87 821 400 879 quemquam
424 803 557 875 poffe
594 822 736 860 reum
762 823 924 875 poenae
948 805 1087 872 fieri,
1134 805 1202 860 ob
1225 825 1332 863 non

87 879 367 952 praestitum
394 882 560 935 aetum
580 879 670 935 fibi
688 879 899 935 minime
921 880 1215 952 poffibilem,
1241 896 1331 937 aut

84 954 152 1009 ob
170 954 452 1026 praestitum
481 955 568 1011 fibi
597 954 944 1011 inevitabilem
969 976 984 1010 z
1025 956 1160 1011 nihil
1187 958 1331 1011 enim

85 1028 288 1084 homini
319 1029 476 1102 magis
503 1029 722 1086 liberum
747 1029 842 1085 esse
872 1030 1048 1099 debet,
1087 1050 1242 1106 quam
1274 1031 1329 1087 id

87 1104 153 1159 ob
174 1103 315 1178 quod
341 1123 501 1176 poenae
529 1124 645 1161 reus
667 1105 914 1162 redditur.

164 1198 215 1252 3.
251 1178 531 1236 Hominem
550 1181 644 1235 esse
662 1180 901 1248 liberum,
937 1196 996 1236 ut
1020 1184 1330 1256 contempla-

86 1254 282 1312 tionem
323 1256 406 1310 vel
439 1254 795 1327 cogitationem
834 1256 974 1311 suam
1005 1257 1067 1311 ab
1103 1278 1208 1312 uno
1239 1259 1328 1313 ob-

84 1331 212 1402 jecto
240 1344 429 1386 avertat
459 1334 515 1385 &
547 1330 602 1385 in
629 1331 768 1386 aliud
795 1330 1011 1404 dirigat,
1048 1350 1201 1406 atque
1230 1335 1329 1388 hoc

84 1405 312 1478 respectu
359 1407 414 1461 in
453 1405 737 1462 actionibus
773 1404 1062 1462 intellectus
1106 1408 1327 1465 liberum

86 1480 187 1535 dici
205 1481 356 1552 poffe,
373 1495 541 1536 tecum
559 1481 798 1553 agnosco:
834 1482 1034 1537 Veriim
1054 1483 1161 1538 haec
1179 1485 1331 1550 actm,

87 1555 372 1611 fiaccurate
396 1555 540 1630 loqui
565 1555 810 1622 velimUS‚
848 1557 1054 1629 proprie
1091 1560 1162 1614 est
1197 1560 1328 1614 actio

84 1630 309 1698 volendi,
345 1650 452 1685 non
475 1629 833 1704 intelligendi:
869 1632 1049 1686 avertit
1067 1634 1202 1689 enim
1231 1634 1325 1689 ho*

86 1724 171 1760 mo
204 1705 530 1777 cogitationes
562 1706 672 1761 suas
699 1706 760 1761 ab
785 1725 891 1761 uno
919 1708 1139 1781 objed'tO,
1175 1713 1231 1766 δί
1267 1711 1325 1764 in

82 1779 224 1835 aliud
255 1781 456 1853 dirigit,
501 1780 621 1857 quia
647 1799 753 1837 non
780 1783 896 1837 vult
921 1785 1113 1854 priores
1140 1785 1325 1857 cogita-2

82 1854 243 1910 tiones
260 1856 579 1922 continuare,
615 1860 670 1911 ὃ(
696 1858 815 1931 quia
841 1859 957 1912 vult
973 1878 1125 1914 novas
1147 1860 1325 1915 incho-

80 1947 181 1985 are.
258 1931 420 1998 Qod
447 1935 570 1987 vero
607 1931 851 1988 actionem
892 1933 1216 2005 intelligendi
1248 1951 1322 1990 at·

80 2003 228 2072 tinet,
267 2007 368 2078 quei
396 2006 550 2060 homo
570 2006 766 2080 aliquid
785 2008 995 2079 percipit
1016 2011 1108 2063 effe
1123 2030 1324 2078 verum,

82 2098 190 2134 eam
219 2080 351 2135 recte
376 2081 499 2135 dicis
526 2100 632 2136 non
657 2082 752 2136 effe
777 2082 985 2138 liberam
1014 2105 1026 2138 :
1067 2085 1218 2159 idque
1244 2087 1320 2140 lo-

81 2172 197 2209 cum
226 2155 376 2211 habet
403 2171 504 2211 tam
533 2157 586 2210 in
622 2156 951 2228 percipiendis
979 2159 1040 2213 iis
1063 2180 1179 2235 quae
1208 2161 1321 2232 phi*

82 2229 284 2301 losophi
326 2248 416 2303 per
452 2231 607 2286 solam
655 2231 1043 2305 intelligentiam
1088 2236 1321 2308 cognosci

76 2303 303 2378 dicuntz,
343 2322 430 2372 ut,
477 2306 552 2360 bis
589 2307 694 2361 duo
730 2306 846 2361 sunt
882 2325 1143 2383 quatuor·³
1182 2311 1317 2365 idern

83 2377 188 2433 n‘on
217 2381 377 2451 potest
404 2382 552 2437 fimul
579 2382 673 2507 effe
697 2384 752 2436 ὅ(
779 2401 883 2438 non
910 2385 1018 2449 effe,
1041 2389 1138 2440 &a
1166 2404 1317 2458 qnam

606 2456 737 2511 llm
782 2476 807 2509 2·
1219 2459 1321 2513 illis
