1494 2671
605 33 909 126 (⁶338)

117 151 243 197 nant
274 138 498 209 aliorum
531 134 627 211 qui
661 135 968 192 solemnitati
1006 137 1086 193 illi
1111 137 1358 198 interfue-

111 232 236 272 runt
249 214 535 269 relationes,
584 211 708 267 Non
722 212 874 267 credo
890 213 1062 268 Romae
1079 229 1214 271 tanta
1234 237 1354 274 cum

110 289 435 348 veneratione
463 287 717 360 tantisque
741 287 1023 358 sumptibus
1047 292 1151 347 afta
1188 292 1355 348 conci·

113 365 174 424 lii
194 364 492 424 Tridentini
515 362 707 434 inspici.
781 363 1013 419 Ridenda
1036 365 1146 420 haec
1164 366 1352 436 forent,

112 444 150 500 fi
174 440 500 520 quorundam
520 439 835 509 privatorum
861 438 1219 497 inconfiderato
1237 446 1354 499 zelo

109 533 424 592 agerentur3
472 533 627 582 nune,
663 513 785 589 quia
822 515 1117 571 auctoritate
1148 517 1350 588 publica

107 594 259 660 fiunt,
296 591 515 647 dolenda
540 590 673 644 sunt.
747 589 895 657 Quid
912 590 1111 648 Gallica
1128 593 1352 665 synodus

103 668 402 742 nuperrime
428 681 606 721 contra
632 665 699 720 D.
716 664 906 720 Clerici
929 667 1206 724 verfionem
1221 670 1350 726 Gal-

105 745 258 803 licam
279 742 425 799 Novi
439 739 758 798 Testamenti
782 741 993 816 ejusque
1013 759 1156 798 notas
1179 742 1350 801 decre-

104 821 257 887 verit,
283 838 438 895 quam
460 816 661 872 frivolae
681 814 822 871 illius
840 817 938 873 fint
957 817 1349 890 criminationeS‚

102 916 258 971 quam
278 893 427 965 plene
452 891 596 947 brevi
620 891 805 963 scripto
833 891 970 947 edito
993 911 1072 947 eas
1097 894 1165 949 D.
1177 894 1348 951 Cleri·-

102 991 192 1028 cus
219 967 547 1035 refutaverit,
594 965 700 1039 ipse
735 966 830 1021 tibi
866 983 955 1023 aut
992 969 1093 1041 jam
1127 968 1347 1040 scripsit,

103 1063 193 1104 aut
229 1044 403 1109 brevi,
442 1060 500 1098 ut
531 1042 707 1109 cred0‚
745 1042 1022 1115 scripturus
1059 1044 1144 1099 est.
1220 1045 1347 1101 Haec

103 1123 388 1194 similiaque
407 1118 613 1193 quando
632 1117 903 1185 confidem,
931 1118 1075 1173 bonae
1088 1119 1346 1178 conscien-

101 1199 188 1255 tiae
212 1193 380 1253 studio
407 1193 854 1269 acquiescendum,
893 1196 949 1248 &
990 1194 1226 1267 neglectis
1251 1197 1344 1252 ho-

99 1274 300 1331 minum
331 1269 630 1343 iniquorum
659 1267 1027 1336 molitionibus,
1061 1269 1263 1326 veritati
1288 1293 1344 1328 ac

95 1349 206 1421 paci
240 1345 475 1402 indefeffo
505 1343 674 1398 studio
701 1341 855 1398 unice
880 1343 1168 1412 litandum,
1206 1346 1343 1402 labo-

96 1443 323 1499 rumque
366 1420 656 1474 nostrotum
707 1417 1112 1475 benedictionem
1159 1438 1188 1475 a
1235 1423 1340 1478 solo

94 1500 229 1566 De0‚
268 1496 358 1571 qui
379 1495 410 1551 ὲ
435 1493 654 1549 tenebris
674 1492 841 1548 lucem
866 1513 1042 1548 eruere
1066 1497 1229 1567 potest
1252 1518 1341 1553 ex-

96 1574 385 1647 pectandam
404 1569 499 1625 effe
524 1583 692 1623 certus
716 1568 843 1623 sum.
919 1569 1067 1624 Illius
1090 1584 1140 1624 te
1160 1576 1338 1630 tutelae

93 1648 419 1713 commendo,
457 1645 606 1699 illum
635 1662 726 1698 oro
752 1659 811 1698 ut
837 1643 1006 1698 omnia
1032 1644 1127 1700 tibi
1158 1648 1338 1721 largia-

93 1741 179 1780 tur
218 1722 375 1778 fausta
410 1739 466 1777 ac
500 1718 768 1785 salutaria,
807 1737 900 1773 nec
929 1738 1032 1774 non
1054 1720 1336 1779 honoratis-

96 1802 229 1856 fimae
258 1798 310 1852 iu
337 1816 438 1871 qua
459 1793 593 1850 vivis
612 1793 833 1849 familiae.
890 1795 1121 1850 Salutant
1139 1811 1205 1864 te,
1229 1800 1333 1854 Do·-

94 1875 296 1932 minum
316 1891 370 1926 ac
391 1868 666 1925 Dominam
688 1868 935 1935 Masham‚
964 1872 1069 1924 una
1090 1889 1206 1927 cum
1228 1874 1336 1947 dig·

95 1949 286 2006 niffima
313 1947 418 2001 filia
437 1964 492 2000 ac
520 1943 646 2008 filio,
687 1963 818 1999 uxor
841 1963 897 1998 ac
916 1945 1035 2000 filia.
1108 1948 1332 2008 Salutem

94 2025 245 2081 etiam
275 2027 307 2077 a
333 2042 414 2078 me
439 2021 574 2075 dices
601 2020 653 2074 D
671 2030 700 2073 ἃ
739 2018 913 2075 Coste.

152 2170 361 2230 Amstelod.
383 2185 430 2215 21
450 2168 556 2230 Jun·
779 2167 876 2224 Tui
902 2166 1260 2238 amantifflmus,

215 2245 337 2290 1704.

832 2316 888 2373 P.
912 2319 941 2372 a
968 2317 1327 2376 LIMBoact-t.

1181 2467 1325 2524 'Pl-11-
