1494 2671
607 47 640 134 <
693 59 822 132 500
875 44 908 133 )

141 147 279 206 cium
318 146 383 201 de
416 163 520 219 quo
561 164 652 215 ego
685 146 878 220 loquor.
951 143 1169 217 Loquor
1196 163 1289 217 ego
1315 145 1385 203 de

143 243 203 277 co
246 221 431 295 judicio
471 220 613 292 quod
650 219 704 274 in
744 218 884 275 omni
920 219 1167 273 volitione
1203 219 1379 275 imme-

144 299 279 353 diate
302 295 535 370 praecedit
571 294 900 359 volitionem‚
937 295 1077 368 quod
1106 303 1285 349 revera
1307 296 1384 351 est

145 373 391 428 ultimum
426 370 675 445 judicium
708 371 806 426 five
843 370 970 424 bene
1009 369 1283 440 expensum
1320 371 1381 425 fit

148 452 205 503 ὃ(
233 461 427 502 matura
458 444 817 500 deliberatione
858 447 1133 511 recod'mrn,
1169 444 1266 498 five
1293 464 1382 499 ex·

148 536 531 595 temporaneum
569 524 626 575 ὃ(
651 520 815 575 subito
842 520 1033 590 impetu
1064 533 1288 583 enatum,
1326 524 1384 575 δῖ.

152 607 295 674 aeque
331 597 648 652 voluntatem
687 594 1019 662 determinat,
1068 595 1167 650 five
1199 595 1257 651 fit
1286 595 1386 650 five

150 687 253 728 non
273 673 329 728 fit
359 670 541 726 rationi
566 670 974 725 consentaneum.

229 747 284 803 Si
311 766 481 801 meum
501 745 700 800 sensum
722 746 773 799 in
794 745 874 799 his
893 744 1006 798 satis
1026 743 1157 799 recte
1177 747 1231 798 &
1249 743 1388 799 clare

153 821 391 893 exposui,
427 840 529 875 non
554 820 806 893 apparebit
831 819 924 874 tibi
946 821 1095 874 credo
1127 821 1231 874 haec,
1260 821 1389 874 rele-

155 897 295 971 genti
333 911 468 951 tanta
509 896 643 950 inter
675 915 767 951 nos
802 894 1101 966 opinionum
1134 894 1392 961 distantia,

156 987 407 1047 quantum
425 970 712 1026 credidisti:
749 989 843 1042 pro
861 984 998 1024 certo
1021 969 1179 1025 habeo
1200 988 1291 1024 nos
1309 989 1394 1023 ve-

155 1048 355 1103 ritatem
379 1046 622 1120 utrinque
643 1047 825 1102 fincere
845 1059 1124 1118 quaerentes
1142 1062 1245 1099 non
1262 1044 1394 1115 posse

158 1123 249 1177 diu
275 1123 336 1176 de
362 1121 506 1176 rebus
539 1123 650 1193 ipfis
675 1120 960 1186 dissentire,
999 1137 1289 1194 quanquam
1321 1121 1395 1175 lo·

159 1196 354 1271 quendi
387 1195 620 1252 formulae
647 1195 917 1250 videantur
945 1212 1321 1268 nonnunquam
1345 1197 1397 1250 in

158 1272 416 1328 diversum
430 1271 576 1326 abire.
597 1271 692 1327 Sed
707 1271 769 1325 de
783 1269 928 1325 rebus
941 1270 1050 1342 ipsis
1061 1269 1399 1341 cogitantibus

159 1347 307 1404 facile
327 1347 423 1401 erit
445 1345 788 1418 phrafiologiae
809 1345 1020 1399 nebulas·
1036 1345 1294 1413 discutere,
1332 1364 1397 1400 ex

162 1422 349 1499 quibus
369 1422 481 1476 fere·
495 1422 728 1476 oriuntur
756 1420 890 1474 inter
908 1419 1133 1475 veritatis
1158 1437 1399 1479 amatores

164 1513 346 1556 omnes·
369 1497 733 1551 controverfiae.

241 1573 319 1626 En
356 1571 636 1643 prolixiore
660 1569 865 1641 epistola
890 1568 983 1624 tibi
1010 1570 1399 1642 explicationem

166 1647 426 1704 sententiae
455 1666 577 1700 meae
616 1645 862 1717 poscenti,
900 1659 960 1699 ut
998 1646 1167 1716 potui,
1205 1663 1399 1703 morem

167 1722 298 1794 geffi.
374 1722 618 1792 Ignoscas,
652 1739 791 1792 rog0‚
821 1720 960 1794 quod
981 1721 1125 1774 toties
1144 1720 1399 1776 citaverim

169 1797 361 1854 librum
384 1813 593 1868 meumz,
632 1796 730 1849 hoc
748 1795 841 1848 feci
862 1794 1118 1849 brevitatis
1137 1795 1297 1861 causa,
1336 1815 1401 1851 ne

167 1873 258 1927 hic
285 1871 339 1925 in
378 1871 578 1942 epistola
615 1889 668 1923 ea
694 1869 1011 1925 rescriberem
1044 1889 1159 1944 quae
1187 1869 1242 1924 in
1272 1871 1404 1929 libro

171 1946 408 2017 impresso
437 1945 621 1999 melius
647 1946 851 2014 legereS.

248 2022 330 2075 De
359 2021 551 2074 duabus
581 2019 889 2073 versionibus
921 2037 1121 2073 monere
1151 2034 1201 2073 te
1226 2038 1404 2075 conve-

175 2096 284 2162 nit,
323 2110 383 2149 ut
410 2094 562 2149 sicubi
588 2094 717 2148 inter
747 2093 795 2146 se
824 2094 1160 2148 dissentientes
1190 2096 1405 2166 reperias

175 2171 241 2225 de
280 2169 421 2224 sensu
452 2189 564 2224 meo
600 2189 663 2222 ex
694 2168 891 2224 Gallica
926 2168 1180 2239 dijudices.
1257 2169 1402 2226 Illam

176 2245 316 2300 enirn
343 2244 473 2298 mihi
508 2246 678 2298 auctor
709 2257 863 2297 totam
896 2243 1137 2313 perlegit,
1173 2247 1228 2298 &
1254 2243 1341 2297 ubi
1372 2248 1404 2298 a

178 2320 324 2375 sensu
381 2338 495 2375 meo
546 2319 772 2373 aberrare
823 2317 1132 2389 deprehendi
1175 2319 1408 2373 correxit.

1262 2392 1409 2448 Lati-
