1494 2671
552 41 852 130 (5¹3)

155 163 205 214 7.
236 143 500 215 Judicium
525 163 630 217 quo
664 144 821 199 homo
848 141 1071 197 decernit
1108 140 1205 195 hoc
1245 140 1314 193 est

75 218 394 286 faciendum,
440 219 513 273 est
552 219 652 290 ipsa
684 218 906 290 volitio·
945 218 1030 272 vel
1067 218 1139 271 ad
1164 215 1315 270 mini

40 316 42 318 ’
76 313 238 361 mum,
263 297 400 349 actus
423 294 618 349 mixtus
646 314 711 348 ex
731 293 1083 348 intellectione
1104 295 1160 346 ὃ(
1186 290 1313 345 voli-

75 368 242 435 tione,
280 372 335 423 ὅ(
380 370 441 423 ad
479 371 625 452 cujus
655 369 1141 423 contummationem
1176 369 1315 421 aetus

75 444 280 499 volendi
298 445 565 499 concurrit.

152 521 217 573 8.
236 521 396 574 Aetus
417 519 762 591 intelligendi
790 535 1039 601 quatenus
1058 518 1128 572 est
1149 534 1318 572 merus

75 592 395 666 intelligendi
415 596 570 661 actus
606 596 678 650 est
703 594 1012 660 necessarius,
1049 597 1102 647 δε
1133 593 1314 647 nititur

73 686 332 723 momento
360 669 615 725 iationum
635 670 695 724 ab
716 670 925 725 homine
948 684 1311 741 perceptarum.

154 764 203 816 9.
239 747 396 800 Actus
419 746 626 800 volendi
660 745 787 800 liber
817 746 907 810 est,
943 745 1199 818 habetque
1222 744 1316 798 ho-

75 839 162 874 mo
187 820 472 875 dominium
499 822 554 876 in
579 821 748 888 illum,
786 840 842 876 ac
879 821 1169 876 facultatem
1196 839 1313 873 eum

75 895 157 948 vel
177 895 412 953 eliciendi
434 897 512 951 vel
530 915 655 954 non
660 896 911 952 eliciendi.
976 895 1031 951 Si
1060 915 1175 969 quae
1196 913 1315 966 ergo

75 968 324 1025 libertas
310 989 361 1025 in
400 971 592 1044 judicio
624 973 722 1039 est,
765 992 820 1026 ea
858 971 1083 1043 procedit
1120 990 1227 1025 non
1254 968 1316 1024 ab

77 1047 196 1109 actu.
215 1044 557 1118 intelligendi,
595 1046 678 1101 sed
702 1047 920 1101 volendi.

157 1139 239 1177 10.
263 1121 575 1177 Αᾶὶίοιιιιιιι
562 1137 897 1190 internarum,
925 1142 1038 1196 quae
1059 1122 1162 1177 sola
1181 1139 1318 1175 men·

72 1207 125 1248 te
163 1195 526 1268 perficiuntur,
565 1198 770 1252 libertas
801 1167 1022 1253 coiifistit
1063 1198 1121 1252 in
1157 1197 1317 1252 libera

74 1271 261 1326 mentis
277 1271 718 1340 determinatione,
755 1292 857 1346 qua
877 1275 1122 1328 actionem
1143 1293 1174 1324 x
1178 1273 1318 1326 olen-

74 1346 130 1400 di
161 1346 243 1401 vel
276 1347 456 1402 elicere
491 1349 666 1419 potest,
708 1350 790 1402 vel
818 1349 1069 1404 cohibere.
1146 1348 1229 1402 Ad
1253 1347 1316 1401 li-

74 1421 321 1479 bertatem
362 1426 485 1478 vero
528 1423 784 1478 actionum
836 1440 1192 1489 externarum,
1253 1423 1316 1477 ad

75 1515 161 1570 qu·
147 1515 290 1552 lrum
315 1498 798 1553 consummationem
820 1519 1118 1554 concurrere
1133 1499 1317 1553 debent

75 1571 301 1630 membra
325 1586 545 1640 externa,
583 1573 737 1627 etiam
763 1575 1043 1648 requiritur
1069 1589 1127 1629 ut
1159 1574 1317 1629 homo

75 1645 256 1703 habeat
299 1646 589 1702 facultatem
637 1650 734 1703 five
776 1666 1052 1722 potentiam
1099 1648 1316 1703 faciendi

61 1722 217 1795 quod
248 1723 381 1788 vult,
417 1726 474 1778 ὅ(
499 1722 787 1791 omittendi,
824 1726 909 1779 seu
950 1745 1051 1780 non
1082 1724 1317 1789 faciendi,

75 1796 219 1870 quod
250 1816 355 1852 non
381 1799 529 1852 vult:
568 1799 664 1854 five
690 1799 905 1855 liberum
935 1804 988 1856 ὃς
1022 1820 1127 1855 non
1159 1800 1314 1872 impe-

72 1871 240 1927 ditum
268 1872 613 1928 membrorum
642 1890 970 1930 externorum
999 1877 1160 1931 usum.

108 1947 228 2006 Ita
254 1947 687 2020 paucisiexplicata
712 1950 959 2005 sententia
985 1972 1111 2019 mea,
1149 1949 1318 2007 videa·

76 2041 192 2079 mus
221 2041 358 2077 nunc
391 2022 446 2077 in
481 2023 665 2098 quibus
688 2026 1074 2093 conveniamus,
1110 2032 1165 2083 ὃ(
1199 2027 1318 2102 quis

75 2098 211 2152 inter
248 2112 339 2152 nos
376 2097 587 2170 superfit
623 2099 876 2157 diffensus.
951 2103 1175 2186 Quando
1213 2122 1316 2186 epi-

75 2173 257 2228 stolam
294 2187 436 2227 tuam
470 2173 677 2228 confero
713 2193 827 2229 cum
869 2176 958 2232 lib.
996 2179 1047 2232 ii.
1083 2197 1186 2251 cap.
1207 2197 1315 2232 xx1.

73 2245 139 2302 de
153 2252 393 2329 potentia,
439 2247 613 2302 videor
645 2249 775 2304 mihi
811 2252 942 2322 poffe
974 2253 1168 2320 dicere,
1223 2273 1318 2308 nos

77 2320 133 2375 in
163 2341 400 2405 quinque
419 2322 598 2396 primis
633 2272 852 2380 thefibups
881 2297 1187 2397 consentire,
1225 2347 1317 2382 nec

75 2395 139 2450 de
178 2415 239 2452 us
267 2413 401 2453 inter
434 2417 527 2455 nos
552 2398 718 2527 ullulrn
733 2400 841 2528 leffe
872 2401 1159 2459 dissensum.
1234 2407 1317 2534 {De

1198 2501 1227 2533 U
1255 2495 1294 2534 tl
