1494 2671
569 78 866 164 (379)

102 176 258 231 ceffus
284 172 413 229 mihi
438 173 537 244 jam
558 173 859 247 quaerendus
884 176 1028 241 effer,
1064 180 1121 232 ὃς
1151 179 1232 234 vel
1257 199 1345 237 an-

104 251 184 306 nis
212 251 294 303 vel
335 248 514 305 studiis
565 248 690 304 meis
733 249 893 322 quiea.
970 252 1102 319 Hoc,
1140 254 1174 308 fi
1214 257 1343 312 mihi

104 326 305 395 credas,
341 327 398 379 ὅ(
426 322 583 396 magis
620 343 772 391 aveO,
811 328 865 379 δί
901 325 1030 380 mihi
1069 329 1226 400 magis
1266 351 1345 387 ac·

103 399 480 457 commodatum
519 399 701 466 crede,
756 399 840 453 sed
885 401 1052 456 nescio
1097 422 1200 477 quo
1238 407 1355 462 fato

102 477 244 550 quod
264 475 391 530 alius
419 474 686 530 ambitiose
712 479 768 529 δί
795 475 977 531 frustra
1008 479 1217 551 quaerit,
1255 483 1344 540 alii

104 554 187 606 vel
231 550 387 605 inscio
432 550 514 605 vel
550 549 702 605 etiam
739 549 1037 607 detre&anti
1079 553 1345 614 tribuitur.

104 625 221 689 Viri
249 625 390 681 istius
424 625 597 697 magni
630 625 811 697 scripta
845 625 1037 682 inedita
1071 631 1160 684 tna
1190 638 1343 704 opera

103 701 368 774 proditura
404 702 633 774 gratulor
665 700 856 775 reipub.
886 702 1186 760 christianae.
1262 709 1346 764 De

101 777 236 833 libro
256 777 544 849 Anglicano
570 776 625 832 in
652 777 878 848 linguam
905 779 1155 836 Gallicam
1182 784 1346 852 verse,

100 855 248 926 cujus
283 852 490 908 lestioni
532 852 652 908 cnm
692 854 752 907 ad
786 873 867 908 me
901 854 1159 926 scripseras
1198 857 1346 915 incu-

100 928 271 994 buisti,
308 928 444 983 idem
468 943 637 984 tecum
663 928 840 995 sentio,
876 932 1265 988 contentionum
1285 939 1343 991 δί

99 1003 426 1063 schismatum
463 1004 651 1059 radices
685 1005 862 1059 evellit
887 1020 1143 1079 quantum
1177 1010 1228 1064 id
1256 1030 1344 1080 po-

100 1080 198 1138 test
235 1078 498 1153 religionis
529 1079 818 1135 christianae
852 1081 1036 1136 veritas
1071 1087 1127 1138 ὅ(
1162 1085 1344 1142 funda-

103 1170 356 1222 mentum,
393 1156 431 1211 fi
469 1155 522 1210 id
556 1158 728 1210 aucror
764 1156 897 1210 recle
925 1158 1246 1231 explicuerit,
1283 1176 1344 1217 ut

101 1230 235 1291 mihi
258 1230 504 1304 videtur3
541 1231 662 1286 clim
689 1235 811 1287 vero
843 1246 1011 1287 totum
1046 1236 1347 1308 perlegeris,

100 1313 158 1366 ὃ(
183 1323 323 1362 tuam
350 1309 408 1362 ὅ(
431 1306 650 1362 aliorum
686 1306 749 1360 de
783 1310 999 1364 traciam
1025 1309 1120 1365 illo
1145 1312 1346 1367 senten-

100 1385 226 1440 tiam
261 1381 386 1437 scire
418 1382 618 1439 vellem.
693 1382 977 1454 Theologis
1020 1386 1204 1442 nostris
1238 1402 1341 1443 tam

100 1457 443 1515 conformistis
482 1477 636 1532 quam
674 1459 1135 1517 non-conformistis
1172 1462 1345 1534 disph-

105 1554 215 1589 cere
250 1532 428 1601 audi0‚
475 1533 663 1608 reliqui
704 1547 761 1587 ut
799 1533 858 1587 fit
908 1535 1118 1604 probant
1155 1537 1345 1609 impro-

105 1610 305 1677 bantve,
343 1623 495 1681 prout
520 1608 609 1663 suo
634 1609 715 1663 vel
748 1608 913 1663 alieno
944 1609 1239 1667 innituntur
1266 1615 1346 1686 ju-

101 1684 253 1748 dicio.
327 1685 490 1751 Qnod
514 1683 755 1739 monuisti
776 1684 838 1737 de
863 1684 975 1738 loco
988 1685 1240 1754 Johannis
1266 1704 1343 1743 te-

104 1779 223 1815 cum
264 1760 459 1814 sentio:
497 1760 630 1814 idem
672 1759 742 1813 est
788 1759 841 1814 in
879 1761 1102 1816 versione
1141 1765 1342 1830 nostra,

105 1854 262 1910 quem
298 1836 354 1891 in
381 1835 580 1891 Gallica
619 1834 886 1890 observasti
923 1855 1099 1910 error,
1149 1839 1233 1892 sed
1280 1841 1343 1895 ad

106 1929 213 1969 rem
237 1910 378 1977 facit,
401 1929 581 1967 verum
601 1911 819 1980 appofite
837 1910 995 1982 magis
1015 1927 1185 1967 textus
1198 1916 1345 1970 Grae.

104 2004 208 2052 ωε,
246 2004 400 2058 quem
426 2000 485 2040 tu
511 1985 774 2041 refflssime
803 2000 861 2040 ut
890 1986 1020 2040 mihi
1047 1988 1250 2044 videtur
1269 1990 1346 2043 in-

104 2061 411 2134 terpretaris,
489 2062 646 2129 Vale,
682 2060 759 2116 vir
798 2060 1126 2133 ampliffime,
1164 2069 1222 2120 ὃς
1261 2083 1343 2120 me

104 2153 215 2190 ama

165 2247 243 2289 Lon
246 2245 331 2290 don.
364 2259 386 2303 3
409 2246 511 2306 Sept.
764 2213 858 2267 Tm·
887 2212 1264 2282 amanzriffi'mztm‚

228 2306 354 2360 1696.

1033 2362 1078 2432 J.
1102 2364 1344 2420 Locrum.

1234 2513 1343 2582 JO‘
