1494 2671
642 82 677 172 (
731 102 856 168 373
910 81 948 168 >-

168 183 321 242 unice
354 181 738 240 adscribendum
765 182 910 238 duco,
985 181 1280 258 Aliquoties
1307 180 1403 235 tibi

164 259 376 314 scribere
401 258 546 332 gestii
574 283 592 332 3
630 257 714 313 sed
743 258 933 313 veritus
957 258 1087 325 sum,
1125 277 1188 312 ne
1215 257 1403 330 impor-

162 333 336 389 tunior
369 333 571 405 scriptio
608 333 670 388 ab
705 333 867 388 amico
910 333 1276 404 occupatissimo
1322 351 1399 386 re-

160 408 396 479 sponsum
423 408 597 463 minus
619 408 975 480 tempestivum
1000 423 1300 483 extorquere
1322 407 1397 460 vi-

159 484 380 539 deretur.
455 484 614 540 Nunc
645 487 782 551 vero,
820 484 942 538 cum
969 504 1156 539 munus
1179 483 1275 537 tibi
1303 482 1394 535 ho-

153 558 518 625 noratiffimum
555 578 583 613 a
622 558 925 631 primoribus
953 559 1157 631 Angliae
1188 559 1390 612 deman-

152 630 331 689 datum
370 635 465 689 effe
496 634 726 689 constans
754 635 815 689 ad
858 652 948 688 nos
982 634 1112 688 fama
1150 632 1391 705 pertulit3

153 708 408 765 filentium
434 709 836 780 abrumpendum
863 709 1053 776 censui,
1091 725 1149 763 ut
1169 709 1390 781 dignita-

150 797 253 840 tem
280 784 411 839 hanc
430 803 535 839 non
560 799 663 841 tam
696 785 791 839 tibi
818 805 972 860 quam
993 785 1192 856 Angliae
1218 801 1388 855 gratu-

151 860 261 926 ler,
299 879 413 932 quae
450 860 505 914 in
543 859 755 932 collegio
796 859 1095 931 ampliflimo
1128 862 1231 914 una
1267 881 1384 915 cum

146 934 358 990 summis
391 935 534 1007 regni
572 935 861 1005 proceribus
892 949 942 989 te
979 936 1255 990 aflefforem
1295 936 1385 990 ha-

84 1039 93 1047 ·
148 1008 262 1075 bet,
297 1013 443 1084 cujus
479 1009 683 1065 confilia
720 1010 890 1066 omnia
916 1011 1216 1081 prudentia,
1255 1011 1384 1078 fide,

143 1086 358 1139 candore
394 1104 450 1140 ac
491 1085 766 1141 sinceritate
802 1085 1123 1157 diriguntur,
1161 1090 1217 1142 &
1246 1105 1382 1142 com-

141 1159 290 1214 muni
309 1159 497 1214 civium
521 1160 669 1214 saluti
690 1161 839 1216 unice
853 1162 1178 1216 destinantur.
1238 1163 1382 1219 Deus

142 1235 297 1290 vitam
328 1235 421 1290 tibi
446 1235 688 1307 largiatur
716 1237 1025 1309 longaevam,
1062 1236 1382 1311 consiliisque

138 1310 241 1365 tuis
289 1311 555 1382 succeffum
606 1330 770 1385 quem*
815 1327 1074 1366 merentur
1108 1315 1378 1370 concedat.

140 1384 251 1460 Ego
271 1385 358 1441 hic
379 1402 650 1458 occupatus
671 1387 793 1442 vivo
812 1411 830 1459 ‘a
870 1391 926 1442 <Sc
947 1402 1114 1442 tamen
1134 1387 1223 1442 vix
1235 1388 1376 1462 quic—

139 1478 293 1532 quam
317 1480 616 1533 promoveo,
652 1481 754 1516 non
781 1462 927 1516 aliter
963 1482 1018 1517 ae
1060 1463 1094 1518 fi
1119 1464 1228 1518 otio
1255 1465 1377 1520 defi-

49 1530 52 1531 ⁷
136 1534 279 1590 dioso
302 1551 563 1607 torperem.
639 1536 861 1590 Arminii
887 1537 1065 1608 scripta
1092 1538 1278 1593 inedita
1295 1560 1376 1595 me

136 1625 439 1682 occupatum
474 1626 679 1666 tenent:
730 1611 931 1683 promifi
960 1632 1052 1683 ego
1080 1613 1372 1686 bibliopolae

133 1685 420 1755 Germane),
459 1705 539 1741 me
562 1706 618 1742 ea
643 1702 939 1757 paraturum
964 1688 1026 1742 ad
1054 1688 1325 1745 editionem
1351 1714 1371 1764 3

132 1759 220 1815 sed
256 1761 311 1816 in
348 1760 542 1833 scriptis
565 1764 673 1834 ejus
698 1762 1004 1834 relegendis,
1039 1763 1105 1817 ob
1124 1764 1369 1820 charaete-

130 1854 248 1892 rum
275 1835 555 1894 exilitatem
586 1841 643 1892 ὃ(
674 1836 882 1893 duflum
911 1837 1044 1894 leetu
1069 1839 1367 1913 neutiquam

129 1912 486 1979 commodum,
535 1927 724 1967 tantam
762 1911 956 1983 reperio
989 1913 1363 1984 difficultatem,

129 2000 221 2051 ut,
260 1987 356 2042 nifi
377 1986 507 2041 tanti
537 1987 638 2041 viri
662 1988 929 2054 memoria,
966 1992 1021 2043 &
1047 2007 1148 2043 non
1178 1990 1362 2060 exigua

126 2079 284 2136 quam
328 2061 449 2116 inde
487 2062 549 2116 ad
595 2062 858 2133 publicum
895 2062 1170 2118 redituram
1212 2060 1360 2120 video

126 2135 345 2204 utilitas,
395 2135 578 2208 ingrati
613 2136 794 2192 laboris
831 2137 1110 2194 molestiam
1146 2140 1360 2208 levaret,

121 2209 226 2283 jam
251 2230 416 2283 operae
441 2211 686 2283 promissae
709 2211 1022 2283 paenituisset.
1096 2214 1212 2267 Hoc
1230 2234 1358 2287 opus

50 2338 61 2344 ,
123 2283 216 2339 ubi
239 2285 468 2353 edider0‚
503 2287 658 2341 nullis
683 2286 903 2359 amplius
927 2287 1208 2358 posthumis
1233 2289 1357 2344 alio·

122 2375 240 2415 rum
276 2360 513 2434 operibus
550 2361 754 2415 edendis
793 2380 874 2416 me
908 2361 1142 2435 fatigabo,
1216 2364 1357 2420 Ocu.

118 2432 292 2507 ¹*lorum
337 2436 464 2494 acies
512 2435 768 2510 saepissime
816 2436 1117 2495 intendenda
1171 2440 1243 2494 est
1293 2452 1354 2494 ut

681 2511 722 2565 B
748 2511 781 2567 b
815 2530 844 2586 3
1111 2515 1354 2571 chamele-
