1494 2671
544 61 841 151 (337)

69 169 251 224 &sub
286 165 520 222 incudem
562 163 738 235 saepius
772 174 1051 229 revocante,
1088 161 1308 217 limatio-

72 264 178 299 rem
214 241 664 314 perfectioremque
709 237 1016 292 habebimus,
1091 239 1205 292 Hoc
1246 257 1304 291 u-

70 337 198 373 num
221 333 280 372 ut
308 332 357 371 te
386 334 615 369 moneam
644 315 742 386 jam
771 313 1005 378 occurrit,
1042 310 1145 365 scil.
1182 313 1304 366 alte-

72 413 187 448 rum
223 389 520 465 hujusmodi
544 389 786 443 volumen
811 386 1081 441 duodecim
1109 387 1304 442 circiter

70 467 131 522 ab
170 468 291 521 hinc
319 464 466 521 annis
493 462 849 533 Monspeffulis
876 461 1093 517 extitiffe
1119 462 1179 515 ab
1205 464 1304 516 hoc

70 542 363 597 distinctum
386 564 404 613 2,
444 540 547 594 duo
575 538 711 593 enim
746 537 852 591 illic
880 553 1004 592 tunc
1034 554 1178 590 erant
1205 538 1302 591 hu·

69 616 289 690 jusmodi
312 614 588 670 volumina.

144 692 303 746 Zelus
333 689 675 762 theologicus,
714 687 792 742 uti
819 688 994 754 vide0‚
1031 687 1222 759 semper
1245 692 1319 743 &C

71 766 261 839 ubique
291 766 422 821 idem
448 766 536 831 est,
573 764 848 836 eodemque
875 765 1023 817 modo
1047 763 1304 834 procedit:

70 841 195 914 quid
228 841 430 895 tandem
466 840 667 894 devenit
707 840 1076 910 paradoxorum
1116 840 1205 893 ille
1240 839 1302 892 de

71 916 261 987 angelis
296 919 462 970 auctor
500 914 624 968 scire
658 913 832 986 cupi0‚
875 914 908 968 si
939 916 1086 970 evasit
1113 915 1301 971 mirum

71 991 171 1056 est,
209 1009 503 1065 quanquam
537 1008 597 1042 eo
637 1008 713 1042 res
752 988 999 1043 inclinare
1037 990 1303 1044 videbatur

71 1085 176 1139 quo
200 1081 424 1137 tempore
446 1063 690 1135 scripsisti,
724 1064 923 1118 favente
942 1065 1094 1120 etiam
1106 1066 1304 1119 Amste-

70 1141 434 1196 lodamenfium
460 1139 843 1211 praedicatorum
874 1139 1073 1207 desidia,
1110 1141 1201 1194 vix
1231 1155 1303 1195 ta-

73 1234 188 1268 men
227 1217 424 1268 veniam
459 1215 506 1268 ei
547 1214 711 1268 datam
754 1214 917 1267 credo,
992 1215 1303 1288 Hujusmodi

69 1291 389 1345 orthodoxiae
409 1304 798 1363 propugnatores
821 1308 921 1342 non
949 1289 1111 1344 solent
1136 1309 1305 1345 erran-

71 1365 205 1420 tibus
222 1365 486 1438 ignoscere.
548 1363 910 1436 Presbyteriani
932 1364 982 1417 in
997 1365 1164 1420 Scotia
1178 1366 1303 1439 qui'd

72 1456 220 1511 agant
241 1441 444 1495 mallem
457 1459 520 1494 ex
538 1438 650 1494 aliis
663 1458 812 1512 quam
833 1459 894 1492 ex
911 1459 990 1493 me
1004 1441 1161 1495 scires.
1205 1443 1303 1495 Ze-

75 1516 157 1569 lus
185 1515 290 1569 illic
316 1516 370 1570 in
386 1513 676 1586 frigidoisto
700 1520 811 1567 aere
838 1533 924 1584 per
943 1516 1303 1585 antiperistafin

74 1590 366 1644 incalescere
388 1589 606 1643 videtur.
662 1588 790 1642 Satis
810 1588 1002 1643 fervide
1029 1591 1304 1662 disciplinae

73 1665 100 1718 s
99 1684 172 1718 oae
193 1684 389 1734 operam
410 1665 549 1729 dant,
576 1682 637 1717 an
659 1663 771 1717 satis
788 1665 1075 1732 prudenter,
1099 1685 1164 1720 an
1188 1666 1305 1722 satis

74 1740 293 1794 modeste
319 1740 424 1812 -ipfi
470 1738 689 1792 videant.
765 1740 860 1793 Sed
900 1739 985 1793 ubi
1023 1742 1166 1796 causa
1201 1742 1302 1796 Dei

70 1814 256 1885 agitur,
296 1830 349 1867 ut
375 1813 524 1880 nosti,
561 1817 613 1867 ὃ(
643 1815 751 1884 ejus
778 1814 1018 1882 Ecclesiae,
1057 1817 1180 1889 quid
1213 1818 1301 1871 fibi

71 1889 298 1960 theologi
322 1909 424 1943 non
446 1904 622 1959 putant
637 1888 804 1954 licere,
824 1890 1146 1946 autoritatem
1162 1892 1189 1943 s
1185 1910 1301 1946 uam

73 1963 165 2016 soli
199 1963 309 2018 Deo
333 1980 582 2036 acceptam
607 1964 888 2019 referentes.
964 1966 1056 2018 Dm
1084 1969 1130 2020 le
1158 1966 1300 2020 Cene

73 2039 223 2092 semel
252 2038 356 2091 vidi
378 2039 636 2103 Londini‚
674 2038 755 2091 sed
785 2040 932 2093 semel
961 2056 1190 2108 tantum,
1230 2043 1303 2096 id-

73 2133 172 2187 que
190 2113 348 2166 obiter
369 2114 500 2183 apud
522 2112 880 2168 nobilissimum
894 2114 1158 2186 Boyleum,
1182 2117 1303 2171 adeo

72 2204 131 2241 ut
168 2187 533 2241 sermocinandi
579 2189 719 2241 locus
766 2207 867 2241 non
905 2191 1021 2243 effer
1060 2192 1122 2244 de
1160 2191 1305 2246 rebus

73 2261 210 2316 illius
232 2263 313 2315 vel
349 2262 518 2316 amicis
542 2264 1121 2338 Amstelodamenfibus3
1160 2266 1221 2318 ab
1246 2286 1305 2320 eo

71 2352 297 2407 tempore
331 2355 506 2405 parum
543 2337 776 2391 Londiui
821 2351 1156 2394 commoratus
1195 2341 1304 2396 sum

34 2450 38 2454 -
73 2411 354 2476 valetudini,
374 2430 488 2468 rure
509 2430 702 2476 vacam,
742 2412 1004 2484 pulmones
1034 2415 1169 2470 enim
1201 2436 1304 2468 non

669 2487 716 2540 Z
1131 2491 1304 2543 ferunt
