1494 2671
70 195 194 251 nere
211 178 372 251 potest
386 177 447 233 ad
466 177 799 251 quaestionem
820 177 882 232 de
909 175 1155 245 libertate,
1191 191 1309 254 quae

70 255 277 328 seposita
296 252 595 326 cogitatione
614 253 819 310 nullum
838 253 1008 308 locum
1021 253 1076 308 in
1087 252 1309 329 subje&o

70 328 320 404 relinquit
351 327 608 384 libertati?

144 405 271 460 Haec
305 403 476 460 omnia
511 403 583 459 ita
621 403 671 458 se
705 402 894 459 habent
929 423 994 458 ex
1021 423 1130 460 mea
1154 400 1306 459 libera

69 479 186 535 tatis
219 479 457 548 notione,
497 482 657 553 quam
698 477 856 535 fufiiis
889 479 1124 534 traditam
1163 482 1305 534 inve-

66 554 175 610 nies
195 556 248 628 §2
265 555 351 610 8-1
365 574 411 626 3.
473 554 634 622 led
658 556 693 611 fi
719 571 779 609 tu
799 554 950 609 aliam
970 554 1052 609 isti
1071 554 1184 609 voci
1201 554 1308 609 sen-2

69 629 185 685 sum
222 629 438 697 tribuam,
473 628 640 684 forsan
675 630 755 684 hae
797 648 972 684 omnes
1010 629 1304 684 evanescent

67 704 407 760 difficultateS.
471 705 572 761 Sed
593 720 717 760 tunc
737 705 991 777 rogandus
1012 723 1060 758 es
1085 719 1144 759 ut
1165 718 1307 760 tuam

67 779 316 836 libertatis
355 779 705 835 definitionem
743 781 807 835 ad
845 800 925 834 me
964 781 1133 834 mittas
1171 781 1206 836 fi
1244 779 1310 833 de

69 851 273 910 diversis
292 854 438 910 rebus
460 855 555 910 sub
580 857 755 911 eodem
787 855 993 910 nomine
1019 857 1307 909 differentes

67 930 313 987 nolumus
339 931 440 985 fine
462 930 633 986 frmstu
659 931 927 1000 disputare.

145 1005 226 1060 Ex
251 1005 330 1060 his
365 1024 478 1079 quae
504 1005 649 1080 supra
675 1004 787 1060 dixi
826 1001 950 1059 m³hi
985 1006 1207 1060 constare
1229 1003 1305 1060 vie

71 1079 220 1135 detur
253 1081 392 1156 quod
429 1080 632 1136 libertas
667 1082 958 1135 nullatenus
996 1080 1218 1135 consistit
1249 1082 1308 1137 in

71 1152 417 1211 indifferentia
461 1156 710 1223 homini5‚
763 1155 846 1209 sed
887 1156 1207 1212 solummodo
1250 1155 1310 1210 in

69 1230 295 1303 potentia
331 1231 512 1304 agendi
537 1232 620 1286 vel
644 1250 749 1287 non
776 1232 957 1303 agendi
982 1248 1131 1302 prout
1159 1231 1309 1286 volu-

69 1325 200 1361 mus·
237 1305 490 1377 Exemplo
509 1306 678 1360 forsan
697 1326 772 1360 res
786 1307 969 1362 clarior
986 1308 1095 1361 erit.
1133 1307 1310 1362 Homo

69 1400 117 1436 v.
137 1400 183 1454 g.
217 1396 350 1437 amat
375 1380 584 1448 vinum,
621 1381 809 1454 judicat
837 1382 924 1436 fibi
959 1382 1150 1437 bonum
1180 1382 1310 1449 effe,

69 1475 134 1512 ex
159 1457 426 1511 voluntate
466 1457 554 1511 sua
586 1455 749 1511 bibit:
799 1459 947 1512 nulla
982 1457 1067 1512 hic
1107 1457 1308 1512 indiffe-

72 1531 233 1586 rentia
257 1531 356 1598 est,
394 1536 450 1587 ὅ(
483 1547 653 1586 tamen
692 1532 848 1586 libera
883 1534 1079 1603 prorsus
1103 1535 1173 1588 est
1200 1534 1310 1588 haec

69 1605 227 1671 afflO,
265 1606 385 1681 quia
425 1607 461 1662 fi
500 1609 650 1660 modo
683 1607 949 1661 mutaverit
988 1610 1309 1665 voluntatem

72 1682 235 1754 potest
259 1681 524 1736 abstinere.
599 1683 788 1737 Contra
827 1683 984 1738 homo
1010 1685 1188 1741 vinum
1216 1704 1309 1740 nec

72 1765 207 1812 amat
233 1770 327 1810 nec
350 1757 632 1824 aversatur,
671 1777 759 1811 nec
783 1757 971 1829 judicat
998 1758 1085 1814 fibi
1112 1759 1308 1817 bonum

71 1845 163 1888 aut
192 1833 385 1887 malum
421 1832 543 1899 effe,
579 1831 916 1904 supponamus
942 1835 1313 1908 quantamlibet

71 1906 295 1962 hominis
319 1905 746 1963 indifferentiam:
785 1927 850 1961 ex
875 1911 1139 1965 voluntate
1158 1910 1309 1966 absti=

73 1995 160 2036 net
180 1981 344 2037 avino
358 1980 411 2036 in
439 2001 630 2038 carcere
653 1983 740 2038 ubi
763 1983 942 2039 vinum
967 2005 1069 2040 non
1095 1988 1308 2058 permit·

76 2053 223 2112 titur.
296 2056 422 2111 Haec
447 2057 603 2123 aetio,
637 2077 815 2129 nempe
851 2059 1144 2118 abstinentia
1169 2065 1201 2116 a
1222 2083 1311 2134 po·

72 2131 209 2186 tione
227 2129 331 2186 vini
350 2132 422 2197 est
441 2133 723 2187 voluntaria
741 2134 913 2201 fateor,
928 2135 1013 2190 sed
1030 2157 1133 2192 non
1156 2138 1228 2192 est
1247 2139 1311 2195 lie

72 2205 190 2261 bera
203 2225 218 2260 ε
231 2201 471 2281 quoniam
483 2205 639 2262 homo
654 2205 744 2264 ille
759 2209 793 2264 fi
807 2224 969 2265 mutet
981 2210 1313 2281 voluntatem,

75 2280 259 2354 vinum
283 2294 450 2337 tamen
479 2281 533 2337 in
566 2302 625 2337 eo
660 2284 771 2337 casu
803 2284 973 2340 bibere
999 2307 1101 2342 non
1133 2290 1308 2361 potest.

72 2351 232 2410 Vides
276 2355 433 2429 igitur
469 2359 609 2433 quod
646 2357 984 2414 indifferentia
1017 2365 1176 2433 potest
1214 2366 1311 2419 effe

78 2429 179 2492 fine
206 2429 461 2503 libertate,
496 2436 553 2490 ὃ(
579 2431 776 2489 libertas
803 2436 903 2492 sine
939 2436 1309 2506 indifferentia,

640 2508 686 2566 K
716 2509 752 2564 k
1098 2517 1155 2590 δί
1179 2513 1310 2597 aetio
