1494 2671
636 51 668 139 (
724 71 853 136 304
904 47 939 135 >

149 152 436 210 revelatum
464 166 573 204 non
599 164 723 218 erat,
761 150 814 206 id
841 152 976 207 nihil
1004 152 1226 212 detrahit
1246 160 1396 215 certi-

153 227 321 285 tudini
353 224 641 296 scripturae,
692 228 1107 303 quandoquidem
1141 233 1392 304 ejusmodi

152 324 232 361 res
257 302 404 369 esset,
452 319 606 374 quam
640 306 775 358 certo
810 306 865 357 ὃ(
901 303 1245 361 infallibiliter
1278 327 1395 382 cogo

151 380 361 436 noscere
383 375 553 448 potuit
577 376 679 431 fine
705 377 1014 433 revelatione
1032 379 1221 436 divina.
1258 385 1395 450 Quae

151 453 376 512 senfibus
393 455 450 508 &
475 466 606 506 certa
631 452 924 525 cognitione
947 455 1181 526 apostolis
1203 460 1397 514 consta·

153 530 278 586 bant
302 546 410 584 non
429 546 558 600 opus
582 543 688 583 erat
711 528 1020 584 revelatione
1039 544 1098 584 ut
1119 550 1291 587 earum
1318 533 1398 588 hi-

152 606 306 663 storia
329 603 391 658 ab
416 603 649 674 apostolis
671 603 854 658 tradita
875 604 967 676 pr'o
992 604 1276 662 indubitata
1303 609 1394 663 ha-

154 681 376 737 beretur.
452 679 627 752 Itaque
660 693 832 734 metuo
876 698 941 734 ne
970 680 1202 736 homines
1235 682 1394 757 suspi-

152 771 339 813 centur
380 752 479 807 hoc
517 770 876 826 argumentum
912 755 1083 828 potius
1127 758 1396 832 quaefitum

153 836 316 908 quam
347 828 377 883 ἐ
402 847 455 882 re
484 842 674 884 natum.

234 910 297 963 ΙΙ.
335 903 625 976 Explicatio
651 903 794 961 illius
813 905 1398 980 promiffiJoan.xvi.13.

154 1002 311 1060 quam
348 982 463 1037 fuse
497 980 653 1035 tradit
680 1001 725 1052 p.
755 984 877 1051 256.
915 1001 1238 1058 nequaquam
1265 984 1396 1040 mihi

154 1059 361 1115 videtur
392 1057 525 1130 posse
561 1056 926 1110 accommodari
961 1057 1184 1129 apostolo
1207 1060 1398 1127 Paulo,
1472 1095 1475 1097 >

153 1135 195 1190 fi
224 1133 339 1208 quis
369 1130 564 1189 attente
586 1132 718 1203 legat
744 1131 883 1186 illius
906 1132 1167 1188 historiam
1195 1134 1306 1189 Au.
1325 1134 1396 1190 ix.

156 1214 214 1266 δί
234 1210 334 1284 seq.
407 1207 567 1264 Unde
593 1207 731 1262 enim
755 1206 844 1262 ille
866 1207 1114 1281 evangelii
1134 1208 1310 1277 hostis,
1337 1214 1396 1266 ὅζ

157 1300 219 1342 ut
249 1285 352 1358 ipse
380 1281 568 1339 alicubi
584 1283 783 1349 fatetur,
817 1282 1037 1356 ignaru5,
1073 1297 1269 1354 poterat
1292 1299 1396 1341 tam

147 1363 264 1419 «cito
289 1358 526 1414 devenire
562 1357 917 1429 mysteriorum
951 1359 1201 1430 evangelii
1236 1358 1396 1414 inter-

157 1456 271 1509 pres
291 1439 345 1489 ὅ(
366 1452 524 1505 praeco
553 1433 654 1487 fine
677 1431 1004 1505 inspiratione
1027 1434 1398 1503 supernaturali

158 1516 215 1567 ὃ(
245 1509 433 1565 divina.
513 1509 573 1562 V.
590 1509 700 1562 Aet.
720 1507 789 1563 ix.
813 1527 897 1581 19,
920 1528 1004 1565 20.
1080 1510 1206 1564 Haec
1226 1508 1398 1584 aliqua

158 1607 340 1641 eorum
366 1603 481 1661 quae
507 1582 635 1637 mihi
662 1582 797 1636 inter
820 1584 1092 1656 legendum
1123 1584 1301 1658 parum
1326 1587 1398 1641 sa-

158 1660 487 1726 tisfecerunt,
542 1659 637 1712 alia
689 1658 898 1713 fuerunt
938 1679 1159 1735 quorum
1210 1659 1399 1716 oblitus

159 1738 270 1793 sum
293 1757 306 1791 ε
345 1736 427 1790 sed
453 1734 576 1808 quid
598 1734 658 1787 ad
685 1734 793 1788 haec
817 1734 945 1789 dicat
971 1735 1154 1790 author
1180 1734 1399 1790 libenter

158 1813 356 1867 scirem.
429 1809 628 1864 Verum
653 1809 772 1863 cum
788 1809 1003 1878 plurima
1027 1811 1123 1865 alia
1142 1810 1260 1863 sunt
1280 1829 1396 1884 quae

158 1888 402 1942 videntur
431 1883 773 1938 omnimodam
802 1885 851 1938 S.
878 1886 956 1938 Sae.
978 1884 1398 1943 infallibilitatem

161 1967 217 2017 ὅ(
240 1959 615 2032 inspirationem
648 1959 700 2011 in
729 1958 941 2013 dubium
970 1979 1172 2027 vocare,
1210 1960 1399 2034 quibus

160 2037 322 2092 fateor
350 2054 431 2090 me
458 2054 565 2088 non
586 2035 718 2106 polle
747 2034 1061 2105 respondere,
1098 2035 1250 2091 enixe
1274 2055 1397 2108 rogo

161 2126 223 2168 ut
252 2110 378 2185 quid
407 2129 461 2163 ea
489 2109 550 2162 de
578 2128 631 2162 re
660 2109 837 2162 sentias
858 2109 989 2164 mihi
1017 2111 1266 2180 explicare
1288 2129 1394 2165 non

133 2185 415 2259 graveris:
455 2185 618 2239 multa
658 2183 793 2238 enim
824 2203 939 2257 quae
979 2185 1032 2239 in
1071 2185 1212 2239 libris
1247 2204 1395 2239 cano-

163 2262 289 2315 nicis
319 2258 643 2314 occurrebant
672 2259 860 2330 jamdiu
886 2273 1003 2315 ante
1030 2263 1272 2315 traetatus
1296 2260 1396 2314 hu-

164 2339 244 2408 jus
272 2335 534 2390 leetionem
555 2333 767 2387 dubium
793 2353 873 2389 me
898 2339 953 2389 6<
982 2334 1190 2390 anxium
1221 2351 1397 2389 tenue-

165 2424 316 2477 runt,
365 2412 420 2464 ὅ(
461 2407 789 2481 gratissimum
826 2409 955 2465 mihi
991 2409 1140 2465 facies
1182 2411 1217 2467 fi
1251 2410 1392 2463 hunc

1266 2482 1397 2538 mihi
