1494 2671
676 8 970 95 (352)

193 110 391 166 tionem
408 108 516 181 ejus
543 106 735 180 semper
760 107 1037 178 efflagitavi.
1112 110 1210 166 Sed
1235 129 1339 167 non
1373 111 1430 167 ea

194 188 282 256 (ut
311 183 440 240 mihi
470 183 633 238 visum
666 184 764 256 est)
802 183 900 237 fide
930 183 1059 238 mihi
1084 187 1430 242 concreditum

194 262 267 316 est
291 260 393 315 hoc
418 259 693 330 exemplar,
732 272 789 312 ut
816 277 909 330 ego
934 259 1254 316 harmoniam
1282 262 1434 332 hane,

193 334 290 391 illo
314 334 474 390 inscio
501 349 587 389 aut
616 333 923 401 inconsult0‚
959 335 1100 408 typis
1128 336 1436 394 mandarem.

193 409 250 466 Si
293 409 424 465 mihi
470 409 727 481 integrum
766 410 880 462 effet
919 409 1086 463 statim
1128 410 1220 465 sub
1264 413 1422 503 praelo

196 484 464 552 mitterem,
499 484 583 538 sed
604 484 727 538 dum
756 482 845 537 ille
865 501 948 537 vn
952 498 1010 549 it
1048 500 1135 538 aut
1159 485 1413 540 aliunde
1395 506 1427 542 a

195 560 301 616 suis
344 560 455 633 spes
497 560 567 614 est
605 557 949 630 prodituram,
985 560 1127 614 nulla
1165 560 1427 635 quantivis

195 634 346 708 pretii
378 633 657 689 mercede
632 654 662 688 6
687 652 809 688 meis
831 633 1096 688 manibus
1084 653 1134 688 111
1164 635 1429 706 publicum

195 709 325 765 elabi
351 709 530 783 patiar.
585 709 771 780 Nuper
789 708 981 780 prodiit
1001 709 1085 763 hic
1107 709 1248 776 liber,
1273 730 1431 786 quem

195 785 466 840 Toinardo
504 783 831 857 gratissimum
865 784 971 838 fore
1010 784 1127 839 scio,
1202 786 1256 841 Si
1296 805 1434 857 repe-

197 860 300 915 rire
325 859 468 934 poflis
492 860 625 914 viam
650 877 756 941 qua
784 859 844 913 ad
870 859 1018 914 illum
1045 860 1319 916 transmitti
1343 881 1433 934 po-

197 936 322 1000 test,
325 882 488 990 pmihi
513 933 688 989 feceris
713 933 1094 1006 acceptiflimum
1118 935 1432 991 beneficium.

198 1009 355 1065 Liber
377 1029 530 1082 quem
556 1009 617 1064 ad
644 1008 797 1064 illum
819 1008 1018 1063 mittere
1046 1031 1075 1063 v
1066 1011 1232 1066 ellem
1252 1011 1322 1065 est
1334 1010 1430 1094 Jo-

198 1107 347 1140 annes
382 1084 588 1140 Mallela
620 1083 940 1140 Antiochemts
966 1084 1162 1139 Oxonii
1205 1104 1311 1141 non
1359 1086 1430 1140 ita

198 1160 395 1232 pridem
428 1160 604 1214 editus.
682 1158 736 1214 Si
768 1159 1069 1214 occafionem
1098 1159 1334 1216 mittendi
1355 1180 1432 1215 re-

199 1235 376 1306 061135,
414 1250 641 1307 emptum
667 1234 797 1304 apud
833 1253 919 1287 vos
945 1235 1135 1290 librum
1171 1236 1269 1291 five
1297 1255 1435 1289 com-

200 1314 399 1381 pactum
425 1311 523 1365 five
540 1310 927 1380 incompactum,
966 1327 1116 1382 prout
1137 1311 1434 1366 commodis-

201 1386 379 1440 limum
407 1385 501 1440 erit
528 1387 755 1449 vecturae,
792 1384 960 1457 quaeso
986 1385 1046 1438 ad
1070 1385 1217 1440 illum
1244 1385 1433 1453 11111133,

201 1483 232 1513 a
260 1459 504 1528 'llonstezu
524 1458 742 1514 Toinard
756 1459 1020 1513 a‘Or.leans
1075 1461 1284 1542 Gaudeo
1302 1462 1432 1515 Vee·

202 1535 348 1590 nium
376 1535 605 1590 nostrum
633 1535 809 1588 sanum
843 1533 1140 1618 salvumque
1173 1534 1226 1589 in
1253 1535 1431 1592 urbem

202 1614 257 1665 δί
283 1611 344 1665 ad
371 1610 549 1681 praxin
578 1609 784 1664 rediisse.
858 1610 956 1663 Vir
977 1629 1066 1683 qui
1095 1629 1147 1663 111
1173 1609 1292 1664 artis
1328 1611 1430 1664 suae

203 1684 563 1739 exercitatione
598 1704 629 1738 a
668 1686 754 1757 juv
759 1699 934 1738 entute
969 1685 1126 1758 usque
1163 1685 1436 1740 consenue-

204 1776 296 1826 rat,
335 1758 566 1813 continui
596 1759 746 1813 taedio
780 1759 870 1812 otii
909 1761 1057 1814 credo
1087 1760 1437 1832 languesceret.

208 1836 357 1889 11111111
385 1838 441 1889 δί
478 1836 832 1888 Guenelonem
876 1835 1101 1889 nostrum
1136 1835 1433 1917 uxoresque

204 1929 318 1963 cum
340 1925 442 1963 tota
469 1908 658 1964 familia
681 1910 846 1981 quaeso
867 1928 979 1964 meo
1008 1928 1216 1964 1101111116
1245 1909 1434 1964 officio-

204 1984 379 2039 fiffimc
406 1984 595 2038 salutes.
657 1985 853 2049 Pacem,
882 1983 1214 2050 concordiam,
1236 1983 1439 2039 &ami-

204 2059 371 2112 citiam
389 2058 518 2112 inter
532 2079 613 2112 eos
631 2058 896 2114 stabilitam
911 2059 1066 2129 spem,
1092 2060 1260 2113 omnia
1275 2058 1433 2114 fausta

207 2134 286 2187 uti
313 2152 397 2204 par
418 2134 487 2187 est
513 2133 614 2187 illis
642 2138 694 2187 ὃ(
716 2133 809 2187 tibi
834 2134 1033 2207 tuisque
1055 2149 1187 2205 opto,
1239 2134 1435 2188 Salutes

205 2209 357 2262 etiam
395 2227 515 2280 rogo
542 2208 783 2279 optimam
820 2209 1078 2262 foeminam
1112 2224 1269 2274 tuam,
1307 2208 1432 2261 Iibe-

209 2282 388 2360 rosque
415 2303 541 2357 quos
574 2283 714 2339 sanos
746 2284 852 2339 salx
857 2284 1010 2357 osque
1049 2283 1142 2337 tibi
1169 2253 1310 2339 Deiis
1339 2282 1434 2410 {liu

1239 2376 1334 2411 con
1362 2377 1438 2411 er·
