<?xml version="1.0" encoding="UTF-8"?>
<!DOCTYPE html PUBLIC "-//W3C//DTD XHTML 1.0 Transitional//EN"
    "http://www.w3.org/TR/xhtml1/DTD/xhtml1-transitional.dtd">
<html xmlns="http://www.w3.org/1999/xhtml" xml:lang="en" lang="en">
 <head>
  <title>
</title>
<meta http-equiv="Content-Type" content="text/html;charset=utf-8" />
  <meta name='ocr-system' content='tesseract 3.04.00' />
  <meta name='ocr-capabilities' content='ocr_page ocr_carea ocr_par ocr_line ocrx_word'/>
</head>
<body>
  <div class='ocr_page' id='page_1' title='image "./somefamiliarlett00lockuoft_0479.png"; bbox 0 0 1494 2671; ppageno 0'>
   <div class='ocr_carea' id='block_1_1' title="bbox 489 40 792 129">
    <p class='ocr_par' dir='ltr' id='par_1_1' title="bbox 489 40 792 129">
     <span class='ocr_line' id='line_1_1' title="bbox 489 40 792 129; baseline -0.02 0"><span class='ocrx_word' id='word_1_1' title='bbox 489 40 792 129; x_wconf 77' lang='lat'><strong>(463)</strong></span> 
     </span>
    </p>
   </div>
   <div class='ocr_carea' id='block_1_2' title="bbox 32 140 1275 1190">
    <p class='ocr_par' dir='ltr' id='par_1_2' title="bbox 32 140 1275 1190">
     <span class='ocr_line' id='line_1_2' title="bbox 34 140 1273 211; baseline 0 -13"><span class='ocrx_word' id='word_1_2' title='bbox 34 142 320 200; x_wconf 69' lang='lat' dir='ltr'><strong>intelleftus</strong></span> <span class='ocrx_word' id='word_1_3' title='bbox 369 140 529 196; x_wconf 91' lang='lat' dir='ltr'><strong>nostri</strong></span> <span class='ocrx_word' id='word_1_4' title='bbox 575 140 812 197; x_wconf 59' lang='lat' dir='ltr'><strong>defeduS.</strong></span> <span class='ocrx_word' id='word_1_5' title='bbox 903 157 951 211; x_wconf 77' lang='lat'><strong>3.</strong></span> <span class='ocrx_word' id='word_1_6' title='bbox 999 140 1055 198; x_wconf 87' lang='lat' dir='ltr'><strong>Si</strong></span> <span class='ocrx_word' id='word_1_7' title='bbox 1104 141 1273 198; x_wconf 84' lang='lat' dir='ltr'><strong>homi-</strong></span> 
     </span>
     <span class='ocr_line' id='line_1_3' title="bbox 34 215 1272 274; baseline -0.001 0"><span class='ocrx_word' id='word_1_8' title='bbox 34 218 197 274; x_wconf 85' lang='lat' dir='ltr'><strong>mines</strong></span> <span class='ocrx_word' id='word_1_9' title='bbox 243 215 379 272; x_wconf 74' lang='lat' dir='ltr'><strong>clare</strong></span> <span class='ocrx_word' id='word_1_10' title='bbox 432 230 602 271; x_wconf 88' lang='lat' dir='ltr'><strong>totum</strong></span> <span class='ocrx_word' id='word_1_11' title='bbox 655 215 888 271; x_wconf 83' lang='lat' dir='ltr'><strong>ordinem</strong></span> <span class='ocrx_word' id='word_1_12' title='bbox 942 231 1139 272; x_wconf 79' lang='lat' dir='ltr'><strong>naturae</strong></span> <span class='ocrx_word' id='word_1_13' title='bbox 1192 218 1272 274; x_wconf 90' lang='lat' dir='ltr'><strong>in-</strong></span> 
     </span>
     <span class='ocr_line' id='line_1_4' title="bbox 34 290 1274 366; baseline 0 -18"><span class='ocrx_word' id='word_1_14' title='bbox 34 293 356 366; x_wconf 87' lang='lat' dir='ltr'><strong>telligerent,</strong></span> <span class='ocrx_word' id='word_1_15' title='bbox 391 290 562 347; x_wconf 83' lang='lat' dir='ltr'><strong>omnia</strong></span> <span class='ocrx_word' id='word_1_16' title='bbox 604 290 751 364; x_wconf 71' lang='lat' dir='ltr'><strong>aeque</strong></span> <span class='ocrx_word' id='word_1_17' title='bbox 789 291 1051 346; x_wconf 84' lang='lat' dir='ltr'><strong>necefl&#39;aria</strong></span> <span class='ocrx_word' id='word_1_18' title='bbox 1089 294 1274 364; x_wconf 86' lang='lat' dir='ltr'><strong>reperi-</strong></span> 
     </span>
     <span class='ocr_line' id='line_1_5' title="bbox 36 365 1271 439; baseline -0.001 -16"><span class='ocrx_word' id='word_1_19' title='bbox 36 383 170 434; x_wconf 84' lang='lat' dir='ltr'><strong>rent,</strong></span> <span class='ocrx_word' id='word_1_20' title='bbox 205 386 260 423; x_wconf 85' lang='lat' dir='ltr'><strong>ac</strong></span> <span class='ocrx_word' id='word_1_21' title='bbox 285 366 454 421; x_wconf 83' lang='lat' dir='ltr'><strong>omnia</strong></span> <span class='ocrx_word' id='word_1_22' title='bbox 481 365 571 421; x_wconf 74' lang='lat' dir='ltr'><strong>illa</strong></span> <span class='ocrx_word' id='word_1_23' title='bbox 597 385 710 439; x_wconf 87' lang='lat' dir='ltr'><strong>quae</strong></span> <span class='ocrx_word' id='word_1_24' title='bbox 736 365 786 420; x_wconf 89' lang='lat' dir='ltr'><strong>in</strong></span> <span class='ocrx_word' id='word_1_25' title='bbox 816 366 1038 422; x_wconf 77' lang='lat' dir='ltr'><strong>Mathefi</strong></span> <span class='ocrx_word' id='word_1_26' title='bbox 1063 371 1271 423; x_wconf 56' lang='lat' dir='ltr'><strong>tracian-</strong></span> 
     </span>
     <span class='ocr_line' id='line_1_6' title="bbox 34 439 1271 517; baseline 0 -19"><span class='ocrx_word' id='word_1_27' title='bbox 34 457 137 503; x_wconf 75' lang='lat' dir='ltr'><strong>tur.</strong></span> <span class='ocrx_word' id='word_1_28' title='bbox 209 463 260 512; x_wconf 87' lang='lat'><strong>4.</strong></span> <span class='ocrx_word' id='word_1_29' title='bbox 295 442 376 496; x_wconf 91' lang='lat' dir='ltr'><strong>De</strong></span> <span class='ocrx_word' id='word_1_30' title='bbox 397 440 790 495; x_wconf 77' lang='lat' dir='ltr'><strong>extraordinaria</strong></span> <span class='ocrx_word' id='word_1_31' title='bbox 805 439 903 494; x_wconf 87' lang='lat' dir='ltr'><strong>Dei</strong></span> <span class='ocrx_word' id='word_1_32' title='bbox 928 443 1152 512; x_wconf 75' lang='lat' dir='ltr'><strong>potentia</strong></span> <span class='ocrx_word' id='word_1_33' title='bbox 1173 463 1271 517; x_wconf 76' lang='lat' dir='ltr'><strong>qua</strong></span> 
     </span>
     <span class='ocr_line' id='line_1_7' title="bbox 35 515 1273 583; baseline 0.001 -11"><span class='ocrx_word' id='word_1_34' title='bbox 35 517 278 572; x_wconf 83' lang='lat' dir='ltr'><strong>miracula</strong></span> <span class='ocrx_word' id='word_1_35' title='bbox 290 516 425 583; x_wconf 81' lang='lat' dir='ltr'><strong>facit,</strong></span> <span class='ocrx_word' id='word_1_36' title='bbox 461 535 568 570; x_wconf 90' lang='lat' dir='ltr'><strong>non</strong></span> <span class='ocrx_word' id='word_1_37' title='bbox 596 515 855 571; x_wconf 79' lang='lat' dir='ltr'><strong>immerito</strong></span> <span class='ocrx_word' id='word_1_38' title='bbox 875 517 1025 571; x_wconf 81' lang='lat' dir='ltr'><strong>valde</strong></span> <span class='ocrx_word' id='word_1_39' title='bbox 1046 517 1273 573; x_wconf 77' lang='lat' dir='ltr'><strong>dubitari</strong></span> 
     </span>
     <span class='ocr_line' id='line_1_8' title="bbox 35 590 1271 666; baseline -0.001 -19"><span class='ocrx_word' id='word_1_40' title='bbox 35 592 166 664; x_wconf 85' lang='lat' dir='ltr'><strong>poffe</strong></span> <span class='ocrx_word' id='word_1_41' title='bbox 187 611 200 645; x_wconf 89' lang='lat'>:</span> <span class='ocrx_word' id='word_1_42' title='bbox 239 611 353 666; x_wconf 82' lang='lat' dir='ltr'><strong>quae</strong></span> <span class='ocrx_word' id='word_1_43' title='bbox 377 608 544 647; x_wconf 80' lang='lat' dir='ltr'><strong>tamen</strong></span> <span class='ocrx_word' id='word_1_44' title='bbox 563 590 733 646; x_wconf 82' lang='lat' dir='ltr'><strong>omnia</strong></span> <span class='ocrx_word' id='word_1_45' title='bbox 759 591 814 645; x_wconf 91' lang='lat' dir='ltr'><strong>in</strong></span> <span class='ocrx_word' id='word_1_46' title='bbox 840 590 935 646; x_wconf 91' lang='lat' dir='ltr'><strong>illo</strong></span> <span class='ocrx_word' id='word_1_47' title='bbox 954 592 1184 663; x_wconf 80' lang='lat' dir='ltr'><strong>Spinozae</strong></span> <span class='ocrx_word' id='word_1_48' title='bbox 1209 593 1271 646; x_wconf 84' lang='lat' dir='ltr'><strong>li-</strong></span> 
     </span>
     <span class='ocr_line' id='line_1_9' title="bbox 35 665 1272 738; baseline 0 -16"><span class='ocrx_word' id='word_1_49' title='bbox 35 666 127 722; x_wconf 92' lang='lat' dir='ltr'><strong>bro</strong></span> <span class='ocrx_word' id='word_1_50' title='bbox 164 666 360 722; x_wconf 87' lang='lat' dir='ltr'><strong>disertis</strong></span> <span class='ocrx_word' id='word_1_51' title='bbox 396 665 558 720; x_wconf 87' lang='lat' dir='ltr'><strong>verbis</strong></span> <span class='ocrx_word' id='word_1_52' title='bbox 594 666 930 738; x_wconf 85' lang='lat' dir='ltr'><strong>reperiuntur.</strong></span> <span class='ocrx_word' id='word_1_53' title='bbox 1004 667 1272 722; x_wconf 76' lang='lat' dir='ltr'><strong>Sarcasmis</strong></span> 
     </span>
     <span class='ocr_line' id='line_1_10' title="bbox 32 740 1273 814; baseline 0.002 -17"><span class='ocrx_word' id='word_1_54' title='bbox 32 741 268 814; x_wconf 87' lang='lat' dir='ltr'><strong>plurimis</strong></span> <span class='ocrx_word' id='word_1_55' title='bbox 295 741 349 796; x_wconf 90' lang='lat' dir='ltr'><strong>in</strong></span> <span class='ocrx_word' id='word_1_56' title='bbox 376 741 772 813; x_wconf 80' lang='lat' dir='ltr'><strong>parallelismum</strong></span> <span class='ocrx_word' id='word_1_57' title='bbox 802 740 934 795; x_wconf 85' lang='lat' dir='ltr'><strong>inter</strong></span> <span class='ocrx_word' id='word_1_58' title='bbox 955 741 1185 814; x_wconf 81' lang='lat' dir='ltr'><strong>Spinozae</strong></span> <span class='ocrx_word' id='word_1_59' title='bbox 1215 746 1273 799; x_wconf 67' lang='lat' dir='ltr'><strong>&amp;C</strong></span> 
     </span>
     <span class='ocr_line' id='line_1_11' title="bbox 36 816 1272 889; baseline 0.001 -17"><span class='ocrx_word' id='word_1_60' title='bbox 36 817 317 873; x_wconf 84' lang='lat' dir='ltr'><strong>Burmanni</strong></span> <span class='ocrx_word' id='word_1_61' title='bbox 338 816 486 870; x_wconf 79' lang='lat' dir='ltr'><strong>verba</strong></span> <span class='ocrx_word' id='word_1_62' title='bbox 511 817 734 889; x_wconf 66' lang='lat' dir='ltr'><strong>ludunt·³</strong></span> <span class='ocrx_word' id='word_1_63' title='bbox 774 816 956 871; x_wconf 71' lang='lat' dir='ltr'><strong>verum</strong></span> <span class='ocrx_word' id='word_1_64' title='bbox 977 817 1112 871; x_wconf 88' lang='lat' dir='ltr'><strong>nihil</strong></span> <span class='ocrx_word' id='word_1_65' title='bbox 1135 818 1187 872; x_wconf 92' lang='lat' dir='ltr'><strong>in</strong></span> <span class='ocrx_word' id='word_1_66' title='bbox 1211 838 1272 873; x_wconf 91' lang='lat' dir='ltr'><strong>eo</strong></span> 
     </span>
     <span class='ocr_line' id='line_1_12' title="bbox 37 892 1273 965; baseline 0 -19"><span class='ocrx_word' id='word_1_67' title='bbox 37 892 404 963; x_wconf 86' lang='lat' dir='ltr'><strong>reprehendere</strong></span> <span class='ocrx_word' id='word_1_68' title='bbox 426 906 512 945; x_wconf 81' lang='lat' dir='ltr'><strong>aut</strong></span> <span class='ocrx_word' id='word_1_69' title='bbox 537 892 646 946; x_wconf 84' lang='lat' dir='ltr'><strong>falfi</strong></span> <span class='ocrx_word' id='word_1_70' title='bbox 673 910 882 963; x_wconf 83' lang='lat' dir='ltr'><strong>arguere</strong></span> <span class='ocrx_word' id='word_1_71' title='bbox 901 893 1115 962; x_wconf 84' lang='lat' dir='ltr'><strong>poffunr.</strong></span> <span class='ocrx_word' id='word_1_72' title='bbox 1164 894 1273 965; x_wconf 78' lang='lat' dir='ltr'><strong>Ego</strong></span> 
     </span>
     <span class='ocr_line' id='line_1_13' title="bbox 35 965 1275 1038; baseline -0.001 -16"><span class='ocrx_word' id='word_1_73' title='bbox 35 965 116 1022; x_wconf 91' lang='lat' dir='ltr'><strong>illi</strong></span> <span class='ocrx_word' id='word_1_74' title='bbox 144 966 276 1021; x_wconf 90' lang='lat' dir='ltr'><strong>libro</strong></span> <span class='ocrx_word' id='word_1_75' title='bbox 304 965 438 1021; x_wconf 87' lang='lat' dir='ltr'><strong>nihil</strong></span> <span class='ocrx_word' id='word_1_76' title='bbox 463 985 720 1038; x_wconf 82' lang='lat' dir='ltr'><strong>reponam,</strong></span> <span class='ocrx_word' id='word_1_77' title='bbox 757 967 1032 1038; x_wconf 85' lang='lat' dir='ltr'><strong>praesertim</strong></span> <span class='ocrx_word' id='word_1_78' title='bbox 1065 966 1183 1023; x_wconf 77' lang='lat' dir='ltr'><strong>cum</strong></span> <span class='ocrx_word' id='word_1_79' title='bbox 1209 969 1275 1022; x_wconf 88' lang='lat' dir='ltr'><strong>ob</strong></span> 
     </span>
     <span class='ocr_line' id='line_1_14' title="bbox 36 1041 1275 1098; baseline 0 -2"><span class='ocrx_word' id='word_1_80' title='bbox 36 1042 225 1097; x_wconf 91' lang='lat' dir='ltr'><strong>molem</strong></span> <span class='ocrx_word' id='word_1_81' title='bbox 260 1041 398 1098; x_wconf 86' lang='lat' dir='ltr'><strong>suam</strong></span> <span class='ocrx_word' id='word_1_82' title='bbox 437 1060 543 1095; x_wconf 92' lang='lat' dir='ltr'><strong>non</strong></span> <span class='ocrx_word' id='word_1_83' title='bbox 578 1041 882 1097; x_wconf 77' lang='lat' dir='ltr'><strong>distrahatur</strong></span> <span class='ocrx_word' id='word_1_84' title='bbox 918 1046 974 1098; x_wconf 67' lang='grc' dir='ltr'><strong>δί</strong></span> <span class='ocrx_word' id='word_1_85' title='bbox 1012 1046 1043 1097; x_wconf 67' lang='grc' dir='ltr'>ὲ</span> <span class='ocrx_word' id='word_1_86' title='bbox 1070 1042 1275 1098; x_wconf 81' lang='lat' dir='ltr'><strong>nemine</strong></span> 
     </span>
     <span class='ocr_line' id='line_1_15' title="bbox 38 1117 247 1190; baseline -0.01 -18"><span class='ocrx_word' id='word_1_87' title='bbox 38 1117 247 1190; x_wconf 84' lang='lat' dir='ltr'><strong>legatur.</strong></span> 
     </span>
    </p>
   </div>
   <div class='ocr_carea' id='block_1_3' title="bbox 36 1265 1165 1418">
    <p class='ocr_par' dir='ltr' id='par_1_3' title="bbox 36 1265 1165 1418">
     <span class='ocr_line' id='line_1_16' title="bbox 36 1265 1165 1339; baseline -0.001 -18"><span class='ocrx_word' id='word_1_88' title='bbox 36 1266 294 1336; x_wconf 57' lang='lat' dir='ltr'><strong>VeJficulos</strong></span> <span class='ocrx_word' id='word_1_89' title='bbox 321 1271 372 1320; x_wconf 84' lang='lat' dir='ltr'><strong>in</strong></span> <span class='ocrx_word' id='word_1_90' title='bbox 398 1287 470 1321; x_wconf 83' lang='lat' dir='ltr'><strong>me</strong></span> <span class='ocrx_word' id='word_1_91' title='bbox 493 1281 726 1321; x_wconf 75' lang='lat' dir='ltr'><strong>narratur</strong></span> <span class='ocrx_word' id='word_1_92' title='bbox 737 1265 951 1339; x_wconf 75' lang='lat' dir='ltr'><strong>scribere</strong></span> <span class='ocrx_word' id='word_1_93' title='bbox 973 1269 1127 1322; x_wconf 77' lang='lat' dir='ltr'><strong>Cinna</strong></span> <span class='ocrx_word' id='word_1_94' title='bbox 1144 1289 1165 1320; x_wconf 70' lang='lat'><strong>,⁶</strong></span> 
     </span>
     <span class='ocr_line' id='line_1_17' title="bbox 108 1341 1139 1418; baseline -0.001 -20"><span class='ocrx_word' id='word_1_95' title='bbox 108 1341 214 1398; x_wconf 66' lang='lat' dir='ltr'><strong>Non</strong></span> <span class='ocrx_word' id='word_1_96' title='bbox 227 1341 418 1415; x_wconf 77' lang='lat' dir='ltr'><strong>scribit,</strong></span> <span class='ocrx_word' id='word_1_97' title='bbox 455 1342 590 1414; x_wconf 62' lang='lat' dir='ltr'><strong>czfjus</strong></span> <span class='ocrx_word' id='word_1_98' title='bbox 612 1347 826 1397; x_wconf 76' lang='lat' dir='ltr'><strong>carmina</strong></span> <span class='ocrx_word' id='word_1_99' title='bbox 850 1363 980 1396; x_wconf 77' lang='lat' dir='ltr'><strong>nemo</strong></span> <span class='ocrx_word' id='word_1_100' title='bbox 1006 1343 1139 1418; x_wconf 72' lang='lat' dir='ltr'><strong>legit.</strong></span> 
     </span>
    </p>
   </div>
   <div class='ocr_carea' id='block_1_4' title="bbox 39 1490 1277 1939">
    <p class='ocr_par' dir='ltr' id='par_1_4' title="bbox 39 1490 1277 1939">
     <span class='ocr_line' id='line_1_18' title="bbox 41 1490 1276 1562; baseline 0.002 -15"><span class='ocrx_word' id='word_1_101' title='bbox 41 1490 178 1548; x_wconf 87' lang='lat' dir='ltr'><strong>Idem</strong></span> <span class='ocrx_word' id='word_1_102' title='bbox 200 1490 328 1546; x_wconf 89' lang='lat' dir='ltr'><strong>mihi</strong></span> <span class='ocrx_word' id='word_1_103' title='bbox 352 1510 468 1548; x_wconf 88' lang='lat' dir='ltr'><strong>cum</strong></span> <span class='ocrx_word' id='word_1_104' title='bbox 485 1491 725 1546; x_wconf 78' lang='lat' dir='ltr'><strong>Martiale</strong></span> <span class='ocrx_word' id='word_1_105' title='bbox 749 1492 914 1547; x_wconf 84' lang='lat' dir='ltr'><strong>dicere</strong></span> <span class='ocrx_word' id='word_1_106' title='bbox 934 1493 1066 1547; x_wconf 85' lang='lat' dir='ltr'><strong>licet.</strong></span> <span class='ocrx_word' id='word_1_107' title='bbox 1104 1493 1276 1562; x_wconf 88' lang='lat' dir='ltr'><strong>Addo,</strong></span> 
     </span>
     <span class='ocr_line' id='line_1_19' title="bbox 39 1566 1277 1643; baseline 0.004 -23"><span class='ocrx_word' id='word_1_108' title='bbox 39 1566 180 1640; x_wconf 80' lang='lat' dir='ltr'><strong>quod</strong></span> <span class='ocrx_word' id='word_1_109' title='bbox 217 1567 513 1641; x_wconf 85' lang='lat' dir='ltr'><strong>quicunque</strong></span> <span class='ocrx_word' id='word_1_110' title='bbox 553 1583 710 1622; x_wconf 73' lang='lat' dir='ltr'><strong>meam</strong></span> <span class='ocrx_word' id='word_1_111' title='bbox 751 1585 926 1622; x_wconf 78' lang='lat' dir='ltr'><strong>contra</strong></span> <span class='ocrx_word' id='word_1_112' title='bbox 953 1572 1277 1643; x_wconf 78' lang='lat' dir='ltr'><strong>Waeyenum</strong></span> 
     </span>
     <span class='ocr_line' id='line_1_20' title="bbox 40 1641 1272 1714; baseline 0.003 -19"><span class='ocrx_word' id='word_1_113' title='bbox 40 1641 345 1696; x_wconf 76' lang='lat' dir='ltr'><strong>deferifionm</strong></span> <span class='ocrx_word' id='word_1_114' title='bbox 373 1641 573 1714; x_wconf 82' lang='lat' dir='ltr'><strong>legerit,</strong></span> <span class='ocrx_word' id='word_1_115' title='bbox 612 1643 739 1696; x_wconf 54' lang='lat' dir='ltr'><strong>noval</strong></span> <span class='ocrx_word' id='word_1_116' title='bbox 762 1644 1046 1697; x_wconf 80' lang='lat' dir='ltr'><strong>defenfione</strong></span> <span class='ocrx_word' id='word_1_117' title='bbox 1070 1663 1172 1697; x_wconf 89' lang='lat' dir='ltr'><strong>non</strong></span> <span class='ocrx_word' id='word_1_118' title='bbox 1194 1645 1272 1699; x_wconf 90' lang='lat' dir='ltr'><strong>in-</strong></span> 
     </span>
     <span class='ocr_line' id='line_1_21' title="bbox 41 1715 1275 1791; baseline 0.001 -19"><span class='ocrx_word' id='word_1_119' title='bbox 41 1715 268 1789; x_wconf 85' lang='lat' dir='ltr'><strong>digebit:</strong></span> <span class='ocrx_word' id='word_1_120' title='bbox 307 1717 402 1791; x_wconf 86' lang='lat' dir='ltr'><strong>qui</strong></span> <span class='ocrx_word' id='word_1_121' title='bbox 428 1736 533 1770; x_wconf 70' lang='lat' dir='ltr'><strong>eam</strong></span> <span class='ocrx_word' id='word_1_122' title='bbox 568 1719 731 1789; x_wconf 85' lang='lat' dir='ltr'><strong>legere</strong></span> <span class='ocrx_word' id='word_1_123' title='bbox 758 1737 863 1772; x_wconf 89' lang='lat' dir='ltr'><strong>non</strong></span> <span class='ocrx_word' id='word_1_124' title='bbox 895 1720 1034 1785; x_wconf 77' lang='lat' dir='ltr'><strong>vult,</strong></span> <span class='ocrx_word' id='word_1_125' title='bbox 1074 1719 1156 1773; x_wconf 83' lang='lat' dir='ltr'><strong>illi</strong></span> <span class='ocrx_word' id='word_1_126' title='bbox 1182 1738 1275 1774; x_wconf 89' lang='lat' dir='ltr'><strong>nec</strong></span> 
     </span>
     <span class='ocr_line' id='line_1_22' title="bbox 40 1792 1275 1865; baseline 0.005 -20"><span class='ocrx_word' id='word_1_127' title='bbox 40 1792 209 1847; x_wconf 89' lang='lat' dir='ltr'><strong>decem</strong></span> <span class='ocrx_word' id='word_1_128' title='bbox 237 1792 481 1865; x_wconf 84' lang='lat' dir='ltr'><strong>apologiis</strong></span> <span class='ocrx_word' id='word_1_129' title='bbox 509 1792 801 1848; x_wconf 76' lang='lat' dir='ltr'><strong>satisfecero.</strong></span> <span class='ocrx_word' id='word_1_130' title='bbox 878 1795 1026 1861; x_wconf 75' lang='lat' dir='ltr'><strong>Vale,</strong></span> <span class='ocrx_word' id='word_1_131' title='bbox 1066 1794 1146 1849; x_wconf 72' lang='lat' dir='ltr'><strong>vir</strong></span> <span class='ocrx_word' id='word_1_132' title='bbox 1173 1814 1275 1851; x_wconf 78' lang='lat' dir='ltr'><strong>ani-</strong></span> 
     </span>
     <span class='ocr_line' id='line_1_23' title="bbox 42 1866 271 1939; baseline 0.009 -19"><span class='ocrx_word' id='word_1_133' title='bbox 42 1866 271 1939; x_wconf 86' lang='lat' dir='ltr'><strong>pliflime.</strong></span> 
     </span>
    </p>
   </div>
   <div class='ocr_carea' id='block_1_5' title="bbox 98 2013 1189 2132">
    <p class='ocr_par' dir='ltr' id='par_1_5' title="bbox 98 2013 1189 2132">
     <span class='ocr_line' id='line_1_24' title="bbox 98 2013 1189 2087; baseline 0.012 -26"><span class='ocrx_word' id='word_1_134' title='bbox 98 2013 303 2072; x_wconf 74' lang='lat' dir='ltr'><strong>Amstelod.</strong></span> <span class='ocrx_word' id='word_1_135' title='bbox 321 2032 371 2062; x_wconf 85' lang='lat'><strong>20</strong></span> <span class='ocrx_word' id='word_1_136' title='bbox 384 2016 506 2077; x_wconf 68' lang='lat' dir='ltr'><strong>Julii,</strong></span> <span class='ocrx_word' id='word_1_137' title='bbox 710 2019 805 2072; x_wconf 70' lang='lat' dir='ltr'><strong>Tui</strong></span> <span class='ocrx_word' id='word_1_138' title='bbox 834 2019 1189 2087; x_wconf 69' lang='lat' dir='ltr'><strong>amasztisl&#39;mlts,</strong></span> 
     </span>
     <span class='ocr_line' id='line_1_25' title="bbox 173 2090 298 2132; baseline 0 -13"><span class='ocrx_word' id='word_1_139' title='bbox 173 2090 298 2132; x_wconf 77' lang='lat'>1700.</span> 
     </span>
    </p>
   </div>
   <div class='ocr_carea' id='block_1_6' title="bbox 230 2169 1276 2284">
    <p class='ocr_par' dir='ltr' id='par_1_6' title="bbox 230 2169 1276 2284">
     <span class='ocr_line' id='line_1_26' title="bbox 792 2169 1276 2225; baseline 0.008 -4"><span class='ocrx_word' id='word_1_140' title='bbox 792 2169 847 2222; x_wconf 84' lang='lat' dir='ltr'><strong>P.</strong></span> <span class='ocrx_word' id='word_1_141' title='bbox 868 2170 896 2222; x_wconf 64' lang='lat' dir='ltr'><strong>{i</strong></span> <span class='ocrx_word' id='word_1_142' title='bbox 919 2169 1207 2225; x_wconf 60' lang='lat' dir='ltr'><strong>ermzc</strong></span> <span class='ocrx_word' id='word_1_143' title='bbox 1222 2186 1276 2225; x_wconf 76' lang='lat' dir='ltr'><strong>H.</strong></span> 
     </span>
     <span class='ocr_line' id='line_1_27' title="bbox 230 2247 250 2284; baseline 0 0"><span class='ocrx_word' id='word_1_144' title='bbox 230 2247 250 2284; x_wconf 83' lang='lat'>5</span> 
     </span>
    </p>
   </div>
   <div class='ocr_carea' id='block_1_7' title="bbox 1192 2469 1283 2537">
    <p class='ocr_par' dir='ltr' id='par_1_7' title="bbox 1192 2469 1283 2537">
     <span class='ocr_line' id='line_1_28' title="bbox 1192 2469 1283 2537; baseline 0.022 -20"><span class='ocrx_word' id='word_1_145' title='bbox 1192 2469 1259 2537; x_wconf 46' lang='lat' dir='ltr'><strong>JK)</strong></span> <span class='ocrx_word' id='word_1_146' title='bbox 1267 2503 1283 2519; x_wconf 59' lang='grc' dir='ltr'>η</span> 
     </span>
    </p>
   </div>
  </div>
 </body>
</html>
