1494 2671
591 16 890 107 (539)

220 181 624 242 Pmmppo
685 176 720 239 ἁ
779 177 1276 268 LrMssokcH.

349 267 635 360 JOANNEs
664 269 889 335 Locxss
924 270 1147 336 S.P.D.

199 419 288 476 Vir
313 417 600 494 ampliſjt'me,

235 496 380 555 Udet
413 513 496 549 me
531 495 647 550 sane
670 508 776 550 tam
804 491 1039 550 diuturni
1066 493 1252 551 silentii
1277 512 1369 554 nec

269 570 334 626 ab
361 569 562 626 infirma
595 572 651 626 ὅ(
690 568 838 643 plane
883 569 1038 626 fracta
1076 570 1370 628 valetudine

126 645 246 702 satis
259 645 554 702 excusatum
574 645 740 710 cred0‚
764 644 956 701 etiamfi
976 645 1204 703 admixta
1217 646 1373 706 etiam

123 720 300 797 aliqua
336 721 419 778 tui
454 720 736 778 reverentia
778 738 860 775 me
909 739 938 775 a
971 720 1235 777 scribendo
1277 722 1373 779 ali·

121 797 437 871 quantulum
463 796 687 852 detinuit
713 795 831 851 satis
857 815 923 851 ex
948 795 1054 867 ipso
1082 797 1262 854 morbo
1282 797 1375 854 de·

123 871 379 930 fidiosum.
452 871 718 939 Quorsum
746 870 885 926 enim
910 871 1089 927 attinet
1120 887 1173 928 te
1201 874 1373 929 erudi·

120 946 332 1004 rioribus
356 947 672 1003 sermonibus
690 961 863 1020 aptum
891 950 948 1003 <Sc
966 948 1282 1004 commerciis
1305 948 1371 1005 li·

121 1037 345 1079 terarum
364 1023 512 1079 doeco
531 1022 796 1097 liberoque
815 1021 989 1079 animo
1007 1022 1195 1095 dignis,
1209 1044 1370 1097 aegro-

122 1098 277 1155 tantis
287 1098 528 1175 querelis,
563 1097 921 1172 laboriosisque
939 1097 1103 1154 verbis
1122 1099 1372 1158 anhelum

123 1173 434 1258 scriptorem·
447 1173 795 1258 redolentibus
812 1173 1058 1246 fatigare?
1110 1175 1268 1246 Juvat
1295 1190 1372 1233 ta-

121 1269 241 1306 men
265 1267 487 1322 experm
509 1263 781 1305 amieitiam
807 1263 966 1317 tuam,
1000 1264 1224 1306 veterem
1244 1251 1372 1307 ami-

124 1345 243 1382 cum
268 1325 460 1382 etiamfi
484 1324 625 1380 senio
648 1326 706 1380 &
731 1323 908 1380 morbo
932 1325 1179 1382 mutilum
1201 1326 1264 1381 ad
1296 1326 1370 1382 se-

125 1402 365 1475 pulcrum
407 1400 568 1476 usque
611 1399 862 1474 prosequi.
939 1399 1096 1456 Nihil
1133 1401 1250 1457 sane
1288 1403 1372 1476 ju-

125 1476 362 1544 cundiu5‚
400 1495 492 1531 nec
525 1475 596 1531 est
620 1475 761 1551 quod
793 1474 950 1547 magis
977 1475 1205 1532 animum
1230 1477 1371 1533 debi-

123 1553 227 1608 lem
251 1555 308 1607 &
333 1550 737 1624 languescentem
761 1551 1025 1619 refocillat,
1063 1571 1217 1626 quam
1246 1572 1369 1608 con-

123 1629 256 1684 stans
267 1631 323 1683 ὅ(
343 1642 517 1700 vegeta
537 1626 814 1682 amicorum
827 1626 1179 1682 benevolentia
1193 1652 1211 1701 3
1229 1647 1366 1702 mag-

122 1722 253 1759 num
271 1701 561 1775 perfugium
587 1702 827 1758 humanae
845 1701 1150 1774 fragilitatiS,
1186 1704 1242 1759 in
1262 1723 1368 1778 quo

126 1778 379 1851 reperitur
401 1796 583 1849 magna
614 1797 724 1850 pars
761 1779 1065 1850 volupiam,
1101 1780 1221 1835 cum
1251 1780 1369 1835 reli·

126 1874 230 1929 qua
253 1853 404 1926 plane
429 1852 639 1924 insipida
657 1854 776 1908 sunt
793 1856 850 1908 ὃ(
880 1853 1065 1908 frustra
1093 1853 1369 1909 sollicitan-

125 1944 223 1984 tur.
296 1927 599 1985 Gratiffimae
623 1928 780 1999 igitur
802 1928 933 1982 mihi
956 1928 1165 1983 fuerunt
1186 1929 1367 2001 episto-

126 2005 191 2060 lae
217 2019 316 2059 tuae
341 2003 702 2059 benevolentiae
728 2007 784 2058 &
810 2002 1043 2059 amicitiae
1064 2006 1242 2075 plenae‚
1275 2025 1367 2060 nec

126 2094 379 2154 quantum
414 2098 478 2132 ex
511 2078 610 2132 illis
634 2078 796 2132 solatii
822 2079 1126 2151 perceperim
1154 2100 1218 2136 ex
1246 2081 1367 2137 taci-

127 2154 374 2209 turnitate
400 2173 506 2208 mea
539 2153 620 2208 sed
653 2173 718 2207 ex
744 2153 1003 2224 voluptate
1028 2174 1181 2228 quarn
1214 2156 1365 2227 profi·

127 2242 238 2284 teor
267 2229 485 2302 judicare
511 2228 672 2284 debes,
750 2228 820 2283 Ea
854 2229 990 2283 enim
1025 2230 1218 2285 infirmi
1256 2249 1366 2285 cor-

83 2366 93 2371 ,
129 2303 264 2375 poris
282 2305 486 2360 morbus
502 2304 589 2370 est,
626 2304 723 2361 hoc
748 2303 1006 2361 sentientis
1032 2306 1236 2379 grati&
1255 2303 1363 2360 aui·

131 2379 204 2435 mi
230 2380 592 2436 testimonium.

219 2464 237 2489 ³
1162 2455 1366 2510 Etiamsi
