1494 2671
494 52 800 145 (383)

25 158 214 219 Statim
251 157 309 214 in
340 155 495 212 initio
519 171 670 213 autor
691 155 838 226 dicit,
873 159 1024 237 supet
1046 160 1187 234 lapsu
1204 164 1281 219 A.

26 234 165 293 darni
202 232 468 290 fundatam
494 232 590 288 effe
624 232 911 290 doctrinam
941 235 1006 293 de
1027 237 1282 313 Redemp-

26 312 184 368 tione.
260 307 515 384 Equidem
534 325 733 365 certum
752 311 842 378 est,
878 310 1077 385 lapsum
1088 315 1280 372 Adami

27 392 62 445 a
99 384 332 441 doctrina
377 384 443 439 de
489 384 839 457 redemptione
884 406 992 443 non
1031 391 1283 447 excludi:

25 477 248 521 attamen
270 464 327 516 &
352 460 554 532 propria
579 461 830 535 cujusque
848 463 1084 520 nostrfim
1110 485 1284 538 pecca-

24 553 77 593 ta
99 537 162 593 ab
185 538 243 591 ea
264 535 567 592 secludenda
591 555 700 592 non
720 537 853 594 sunt.
928 539 1281 600 plurimorum

25 614 290 669 dostorum
332 611 584 667 sententia
619 612 721 681 est,
776 614 1067 672 Dominum
1100 617 1282 688 Jesum

26 707 121 746 nos
146 687 373 744 liberasse
398 687 429 743 ὲ
464 686 669 745 miseria
707 688 763 745 in
793 709 952 767 quam
978 711 1067 763 per
1091 692 1285 750 Adami

26 778 294 838 peccatum
320 762 612 832 incidimu3‚
648 768 706 821 ὅ(
729 765 786 820 in
811 767 1032 824 eundem
1065 768 1288 825 felicita-

26 840 94 895 tis
119 841 324 907 statum,
359 858 517 914 quem
541 840 808 898 inAdamo
826 843 1104 912 amifimu5‚
1139 845 1290 902 resti-

28 915 192 972 tuiffe.
267 916 378 987 Ego
404 930 536 988 puto
561 915 683 972 illos
715 917 928 975 exiliter
968 920 1196 978 nimium
1220 921 1289 977 de

26 989 277 1048 immenso
290 990 486 1047 Christi
496 991 742 1048 beneficio
760 993 972 1063 sentire,
1010 995 1286 1073 ipsumque

28 1087 95 1123 ex
120 1066 296 1124 multis
321 1065 553 1140 peccatis,
589 1082 649 1122 ut
667 1070 947 1137 Apostolus
967 1067 1180 1128 Rom.v.
1205 1074 1290 1129 lo-

28 1142 214 1218 quitur
249 1161 344 1197 nos
380 1139 639 1208 liberasse,
690 1143 749 1196 &
781 1140 845 1196 ad
885 1141 1074 1200 statum
1114 1147 1290 1203 multo

28 1217 340 1282 feliciorem,
386 1215 547 1272 vitam
584 1215 711 1271 nim.
757 1229 996 1273 aeternam
1040 1219 1095 1272 in
1143 1220 1292 1278 coelis

29 1292 333 1368 perduxisse.
408 1290 550 1347 Huic
572 1291 734 1346 addo:
771 1292 914 1366 quod
937 1291 1132 1348 ibidem
1151 1295 1291 1353 dica-

28 1385 135 1438 tur,
171 1368 431 1424 Adamum
457 1386 546 1438 per
563 1380 825 1440 peccatum
845 1366 1055 1424 amififfe
1075 1369 1287 1425 immor-

29 1444 303 1510 talitatem,
338 1446 396 1498 δί
419 1441 613 1497 factum
633 1442 731 1496 effe
750 1443 1035 1499 mortalem.
1110 1443 1168 1501 Si
1187 1444 1288 1503 im·

33 1518 317 1574 mortalitas
342 1517 508 1573 autori
533 1517 660 1572 huic
684 1518 945 1590 significet,
981 1520 1123 1593 quod
1147 1521 1286 1578 Ada-

33 1615 153 1652 mus
179 1596 216 1650 fi
235 1612 339 1649 non
363 1592 621 1664 peccasset,
658 1593 938 1649 moriturus
963 1609 1071 1650 non
1097 1595 1287 1668 fuisset,

34 1674 94 1727 &
124 1668 423 1733 mortalitas5
461 1669 606 1744 quod
635 1689 724 1741 per
753 1684 1008 1741 peccatum
1032 1671 1286 1729 neceffita-

36 1760 142 1802 tem
173 1744 432 1802 moriendi
454 1743 806 1819 contraxeritg,
843 1745 1144 1803 verissimam
1169 1750 1286 1822 ejus

36 1821 338 1878 sententiam
382 1820 568 1894 judico.
643 1821 700 1876 Si
739 1824 860 1877 vero
899 1822 1284 1894 iminortalitaS‚

42 1911 104 1953 ut
128 1917 234 1952 vox
260 1895 347 1951 illa
373 1896 580 1969 proprie
597 1895 758 1963 sonat,
796 1897 880 1952 illi
906 1898 1151 1970 fignificet
1175 1918 1286 1956 mo-

38 1971 207 2028 riendi
235 1971 708 2042 impoffibilitatem,
745 1990 850 2027 non
869 1974 1006 2030 rect-e
1033 1974 1133 2030 dici
1157 1989 1285 2047 puto

41 2048 299 2105 Adamum
320 2046 468 2101 fuiffe
491 2062 715 2103 creatum
741 2047 1098 2107 immortalem.
1173 2051 1287 2123 Ego

40 2123 344 2185 sententiam
365 2142 527 2178 meam
558 2122 760 2194 plenius
791 2124 1015 2198 explicui
1039 2125 1094 2179 in
1107 2125 1286 2182 Theo·

43 2198 300 2270 logia-mea
311 2197 618 2267 Christiana,
644 2199 733 2254 lib.
753 2197 805 2253 ii.
831 2218 1034 2273 cap.24.
1081 2201 1283 2258 Verum

45 2273 156 2328 haec
199 2273 579 2342 immortalita5‚
629 2275 727 2329 hoc
777 2275 879 2342 est,
928 2275 1219 2332 immunitas
1255 2295 1285 2333 a

36 2363 243 2415 morte,
278 2350 482 2406 alterius
503 2350 653 2421 plane
679 2349 749 2403 est
776 2350 973 2421 generis
1002 2371 1157 2426 quam
1190 2352 1286 2408 im-

45 2426 325 2483 mortalitas
337 2424 437 2483 Dei
458 2445 472 2482 ε
508 2426 632 2482 ficut
650 2429 707 2482 ὅζ
732 2427 1030 2497 mortalitas,
1066 2427 1156 2483 seu
1176 2448 1287 2483 mo·

1119 2501 1290 2558 riendi
