1494 2671
635 84 667 168 (
723 103 803 170 37
820 102 839 143 ¹
903 80 935 167 )

161 189 374 246 debatur
415 185 692 242 meridiana
732 187 846 240 luce
884 183 1094 251 clarior,
1141 203 1232 238 1166
1273 175 1400 258 quid

157 265 278 320 estet
321 263 445 318 fides
483 261 753 317 christiana
784 259 1007 315 dubitari
1044 228 1177 330 poffe
1208 261 1399 315 fincero

157 337 413 412 evangelii
464 337 639 394 1661011
688 335 818 392 mihi
856 335 1266 408 persuafiflimum
1307 335 1394 391 est.

162 414 388 489 Ideoque
418 413 635 497 cogitata
673 431 782 467 mea
818 411 874 466 in
916 412 1141 466 chartam
1177 410 1397 484 conjeci,

158 504 221 544 ut
256 508 318 544 eo
355 487 540 544 melius
583 486 808 562 partium
835 486 967 541 inter
1007 486 1055 539 se
1089 505 1397 541 convenlen-

120 563 282 620 tiam
307 567 363 619 δέ
378 563 742 630 harmoniam,
776 566 834 618 δί
859 561 1183 617 fundamenta
1210 561 1399 636 quibus

157 639 533 706 inniterentur,
569 638 735 694 sedate
771 641 828 693 ὅτ,
863 656 948 709 per
984 636 1149 693 otium
1175 651 1397 691 contem·

159 716 341 786 plarer.
380 738 383 739 ⁷
417 716 558 771 Cum
594 714 767 769 omnia
799 712 855 768 in
892 713 991 767 hoc
1024 731 1138 767 meo
1165 712 1397 783 symbolo

157 790 275 846 sana
294 795 350 846 ὅ(
368 791 522 845 verbo
543 790 718 845 divino
740 788 930 862 ubique
950 787 1230 843 conformia
1260 788 1397 842 vide-

161 866 365 934 bantur,
400 866 662 938 theologos
688 864 1021 921 consulendos
1045 864 1174 918 duxi
1213 863 1396 934 (nefor-2

160 955 322 996 matos
347 941 620 1017 videlicet>
656 956 716 996 ut
740 939 865 1016 quid
907 939 987 994 1111
1019 940 1080 993 de
1112 939 1210 993 fide
1235 938 1397 1004 sense-2

159 1017 269 1071 rint
292 1016 531 1073 viderem.
606 1016 884 1072 Calvinum
910 1014 1029 1082 adii,
1052 1012 1399 1070 Turretinum

158 1092 389 1168 aliosque
429 1111 558 1168 quos
593 1091 660 1147 ita
705 1091 758 1147 id
796 1106 1153 1163 argumentum
1180 1088 1399 1145 tranasse

160 1167 310 1223 fateri
329 1187 500 1240 cogor,
537 1182 597 1222 ut
615 1166 740 1242 quid
763 1165 952 1231 dicant,
986 1166 1113 1240 quid
1137 1165 1297 1219 velint
1321 1183 1400 1218 ca-

132 1261 279 1313 .pere
310 1261 634 1328 nequaquam
669 1241 870 1313 poffim',
907 1241 1028 1295 adeo
1054 1241 1243 1296 diffona
1269 1238 1401 1295 mihi

163 1317 222 1375 in
244 1316 351 1373 illis
377 1337 550 1373 omma
574 1317 818 1372 videntur
854 1336 881 1371 a
908 1316 1052 1371 sensu
1078 1320 1134 1371 &
1166 1315 1401 1387 fimplici-

159 1407 265 1449 tate
300 1395 614 1467 evangelica,
661 1408 721 1447 ut
756 1393 966 1447 illorum
997 1391 1178 1464 scripta
1207 1389 1402 1445 intelli-

164 1487 281 1540 gere
317 1470 507 1526 nedum
545 1488 662 1523 cum
697 1471 834 1523 sacro
870 1466 1038 1521 codice
1076 1466 1402 1520 reconciliare

162 1561 273 1598 non
288 1545 500 1626 valeam.
572 1543 808 1598 Tandem
834 1542 918 1613 spe
948 1542 1158 1596 meliore
1176 1558 1317 1596 tuam
1343 1542 1400 1595 in

163 1637 344 1674 manus
386 1619 500 1693 cepi
536 1618 872 1701 theologiam,
929 1636 1020 1670 1166
1065 1620 1166 1672 fine
1203 1618 1402 1672 summo

160 1694 349 1765 gaudio
389 1694 488 1767 legi
529 1713 637 1777 cap·
665 1694 769 1748 viii.
808 1693 893 1747 lib.
924 1713 972 1746 v.
1023 1712 1127 1775 quo
1165 1691 1401 1746 intellexi

161 1769 389 1843 aliquem
434 1769 642 1842 reperlri
684 1768 985 1840 theologum
1031 1787 1116 1822 6111
1164 1788 1256 1840 ego
1295 1786 1402 1822 non

165 1844 321 1918 plane
340 1846 486 1900 effem
508 1844 791 1901 haereticus.
867 1846 946 1899 Ut
973 1861 1026 1898 1n
1053 1844 1183 1897 libro
1209 1860 1301 1897 tuo
1330 1845 1402 1897 le-

165 1920 332 1992 gendo
367 1923 505 1976 ultra
544 1939 800 1993 pergerem
839 1920 1071 1974 nondum
1112 1918 1227 1972 satis
1255 1918 1400 1973 vacui

165 1995 408 2066 temporis
434 1999 606 2051 11εᾶ115
631 1997 760 2050 sum.
833 1994 987 2050 Nihil
1027 1994 1154 2050 mihi
1180 1995 1402 2065 optatius

164 2069 262 2124 effe
307 2069 446 2142 poffit
490 2091 645 2145 quam
683 2087 732 2124 te
783 2070 985 2135 videre,
1032 2074 1088 2124 δί
1139 2086 1188 2122 te
1232 2088 1399 2122 coram

166 2150 284 2214 q'uae
319 2143 684 2201 commentatus
711 2147 822 2199 sum
854 2145 1018 2216 legere
1053 2148 1109 2198 ὃς
1132 2144 1401 2214 explicare,

168 2233 230 2273 ut
245 2219 434 2287 limato
468 2225 523 2276 ὃ(
561 2221 858 2290 incorrupto
895 2235 985 2273 tuo
1023 2219 1212 2292 judicio
1248 2218 1403 2291 subji-

8 2303 13 2309 ’
76 2358 87 2363 ,
169 2309 419 2350 cerentur.
491 2298 617 2351 Haec
645 2297 739 2350 tibi
766 2295 821 2348 in
858 2314 1031 2349 aurem
1065 2294 1195 2348 dic‘la
1221 2293 1403 2357 sunm,

173 2387 293 2425 nam
345 2391 427 2425 me
476 2372 575 2426 hoc
625 2369 847 2425 trauaffe
888 2383 1258 2442 ⁶argumentum
1311 2370 1402 2422 tibi

171 2442 267 2498 soli
303 2447 729 2503 communicatum
761 2445 896 2572 vqlo.
970 2445 1149 2501 Saluto
1167 2445 1402 2506 Veenios,

741 2521 780 2573 B
882 2538 907 2572 2
1200 2521 1400 2573 Guene·
