1494 2671
519 48 551 134 <
607 66 732 132 333
783 44 825 130 )4

48 170 262 229 paternae
287 152 612 226 benignitatis
637 153 796 208 haeres
818 169 1023 207 omnem
1047 151 1110 206 de
1135 153 1285 216 rebuss

50 230 310 304 religionis
341 228 731 300 persecutionem
769 227 994 282 maxime
1019 229 1286 287 aversatur.

49 308 352 362 Gratulatur
391 302 479 359 fibi
516 303 566 357 se
608 303 662 357 in
702 303 889 374 partem
918 303 1154 358 amicitiae
1181 309 1285 379 quii

50 396 241 453 patrem
267 381 528 451 amplexus
553 397 604 433 es
629 377 921 445 succeffiffe,
960 394 1010 432 te
1035 379 1286 436 officiofis-

51 457 172 512 sune
202 456 410 521 salutat,
444 453 725 524 plurimum
755 453 964 508 aestimat
988 458 1044 508 &
1081 474 1288 510 venera-

48 547 163 597 tur,
199 549 467 603 unumque
492 530 590 582 hoc
611 529 776 595 dolet,
815 529 952 601 quod
980 548 1085 582 non
1113 545 1287 586 utatur

50 606 227 677 lingua
259 604 464 678 utrique
491 603 768 670 communi,
805 619 862 657 ut
893 623 958 657 ex
983 606 1288 661 commercio

49 682 309 735 literarum
328 678 560 734 amicitia:
585 682 640 732 δί
662 679 962 733 eruditionis
977 693 1095 745 tuae,
1130 701 1288 755 quem

47 769 259 828 optaret,
296 754 519 810 fruffi't'um
546 754 835 825 perciperet.

122 830 402 886 Historiam
439 844 576 886 tuam
614 830 675 883 de
712 830 862 883 surda
913 830 1154 903 loquente
1191 832 1288 888 du-

48 905 170 977 plici
190 906 425 975 exemplo
449 906 533 958 hic
557 904 687 976 apud
721 924 811 958 nos
841 905 1141 960 confirmare
1173 910 1285 979 pos-

48 981 176 1036 sum.
239 981 362 1034 Duo
383 981 607 1052 juvence,
643 979 850 1054 utrique
867 979 1023 1047 surdi,
1060 1001 1286 1054 quorum

51 1057 178 1110 alter
218 1058 248 1109 a
275 1056 495 1110 Doc'tore
525 1054 707 1110 Walilis
740 1054 923 1109 celebri
957 1055 1048 1109 illo
1085 1056 1286 1113 Oxonii

52 1131 327 1184 matheseos
353 1130 649 1202 professore,
686 1131 812 1184 alter
850 1150 877 1184 a
907 1131 1132 1187 Doctore
1153 1133 1288 1188 Hol-

53 1207 142 1259 der
165 1206 404 1277 theologo
425 1206 644 1272 edostuS,
680 1206 899 1278 loquelae
925 1206 1072 1261 usum
1092 1207 1287 1265 didicit.

47 1282 349 1355 Utrumque
390 1282 623 1352 juvenem
654 1280 809 1346 novi,
843 1286 900 1336 ὅ(
938 1281 1086 1337 verba
1123 1283 1288 1353 profe·

50 1369 244 1409 rentem
273 1356 476 1422 audivi,
513 1356 747 1410 distincic‘:
773 1356 884 1410 satis
908 1360 965 1412 <Sc
991 1357 1290 1427 articulate,

51 1442 200 1486 tonus
230 1430 395 1486 solum
432 1432 567 1485 vocis
607 1451 785 1502 parum
822 1445 930 1486 erat
969 1432 1199 1505 ingratus
1227 1439 1288 1490 δί

53 1505 443 1560 inharmonicuS.
518 1507 599 1559 De
635 1508 794 1560 altero
831 1507 956 1580 quid
993 1509 1182 1564 fastum
1226 1511 1289 1565 fit

50 1580 248 1645 nesci0‚
287 1581 413 1634 alter
454 1581 637 1634 adhuc
664 1581 792 1634 vivit
827 1582 1028 1653 legendi
1066 1583 1288 1640 scriben-

51 1655 208 1730 dique
232 1655 434 1725 perituS,
471 1659 527 1711 δί
551 1675 577 1709 a
599 1675 699 1730 quo
720 1656 868 1710 illum
890 1658 1055 1727 primo
1071 1661 1287 1734 loquen-

50 1745 153 1784 tem
178 1730 352 1791 audivi
391 1730 609 1802 (viginti
635 1731 771 1787 enim
797 1736 851 1786 ὅ(
867 1734 1034 1803 plures
1053 1735 1174 1790 sunt
1198 1755 1287 1790 an·

55 1805 153 1879 ni)
192 1824 403 1860 uxorem
449 1806 600 1861 duxit
635 1807 1007 1879 paterfamilias,
1078 1811 1178 1866 Vir
1213 1813 1286 1867 est

54 1899 125 1933 ex-
149 1881 386 1952 generosa
414 1881 668 1953 prosapia,
706 1902 798 1937 nec
821 1882 911 1937 diu
933 1884 1005 1937 est
1030 1903 1056 1938 a
1090 1905 1197 1961 quo
1221 1887 1285 1942 il-=

57 1955 165 2008 lum
193 1955 423 2011 viderim.
499 1958 670 2012 Uxori
698 1958 971 2032 liberisque
999 1959 1120 2027 tuis,
1157 1964 1289 2017 Ve'e-

56 2029 156 2084 niis
185 2030 622 2107 Gueneloniisque
649 2037 705 2088 ὅ(
731 2035 938 2105 collegis
966 2036 1148 2092 nostris
1175 2039 1290 2110 plu-

57 2103 238 2159 rimam
272 2105 487 2161 salutem
525 2127 636 2162 meo
673 2108 883 2163 nomine
912 2109 1058 2165 dicas.
1131 2114 1294 2184 Vale,

57 2179 136 2236 vir
156 2179 467 2252 amplissime,
503 2186 560 2238 ὅ(
585 2202 667 2239 me
692 2198 750 2238 ut
777 2183 896 2238 facis
921 2204 1031 2241 ama

65 2370 76 2376 “
116 2290 300 2401 Oate51,6;
301 2289 326 2390 ξ
341 2287 445 2350 Jun.
716 2293 813 2346 Tm'
841 2294 1218 2365 amantiffimum‚
1292 2354 1294 2357 .

978 2409 1025 2477 J.
1051 2411 1296 2474 Locum.-

1151 2500 1292 2556 PHI-
