1494 2671
590 74 887 165 (485)

115 176 217 230 dici
251 195 344 232 nos
372 177 506 231 velle
533 176 840 249 jucundum,
878 175 1004 230 illud
1036 175 1127 229 effe
1164 174 1346 229 defide-

113 251 246 307 rium
290 271 395 306 non
443 254 774 306 voluntatem.
849 251 1165 305 Defiderium
1206 251 1342 304 enim

111 326 231 380 ferri
269 325 323 381 in
359 326 549 381 bonum
583 326 792 397 absens3
843 325 1141 379 volitionem
1173 342 1342 380 antem

111 401 206 457 effe
242 404 407 456 actum
447 401 726 456 voluntatis
751 402 832 454 vel
860 400 1038 456 animae
1073 401 1341 472 imperinm

109 476 386 530 exercentis
413 475 467 530 in
498 475 742 547 potentias
776 475 999 530 hominis
1033 478 1343 547 operatrices.

107 549 277 604 Facile
317 570 411 622 ego
450 552 543 606 hoc
579 550 845 605 discrimen
888 550 1127 616 admittO,
1187 551 1243 604 ἃ
1283 566 1339 604 ut

105 624 476 697 perspicuitatis
515 626 659 682 causa
702 623 980 698 unicuique
1011 625 1164 679 verbo
1203 626 1338 679 suam

107 698 385 755 tribuamus
422 700 834 773 significationem
873 699 1002 754 utile
1034 700 1125 754 effe
1170 701 1340 755 existi-

106 793 205 829 mo,
279 776 474 831 Verum
505 795 598 848 ego
619 791 743 847 puto
769 795 860 830 nos
884 775 987 829 duo
1015 776 1161 839 velle,
1189 776 1338 830 finem

104 851 158 903 ὅ(
188 850 349 905 media
371 870 484 924 quae
508 851 567 905 ad
596 851 747 906 finem
770 851 982 905 ducunt.
1058 851 1232 905 Multa
1255 852 1339 905 de-

105 923 373 980 fideramus
410 945 525 999 quae
564 941 731 980 tamen
776 945 882 980 non
925 925 1175 980 volumine.
1252 927 1337 982 Est

30 1017 32 1019 ·
101 999 239 1054 enim
261 999 558 1055 desiderium
576 1001 713 1055 aliud
742 1002 1066 1072 completum,
1093 1001 1232 1056 aliud
1261 1003 1338 1056 in*

99 1075 446 1148 completum·7
485 1076 606 1130 ficut
631 1079 687 1131 δε
714 1076 944 1147 voluptas
974 1075 1070 1131 alia
1101 1075 1174 1131 est
1201 1096 1336 1132 com—

102 1149 253 1220 pleta,
290 1150 384 1204 alia
415 1150 741 1223 incompleta,
777 1169 930 1225 quam
958 1150 1166 1206 barbaro
1193 1171 1339 1206 voca-

103 1224 228 1278 bulo
265 1224 320 1278 in
347 1224 528 1279 scholis
553 1239 734 1280 vocant
759 1225 1058 1280 velleitatem
1074 1271 1088 1291 ‚
1125 1232 1227 1301 qui-'i
1253 1229 1338 1281 de·

100 1299 348 1371 signamus
387 1318 491 1355 non
519 1299 645 1373 quid
682 1300 837 1355 homo
876 1300 1079 1372 proprie
1106 1303 1230 1356 velit
1255 1304 1336 1356 sed

99 1372 225 1448 quid
250 1375 419 1429 vellet.
492 1375 756 1430 Prudentis
793 1375 864 1430 est
910 1394 973 1428 ex
1009 1377 1185 1431 multis
1214 1378 1337 1433 desi·

98 1449 370 1504 derabilius
391 1448 522 1504 illud
549 1451 735 1522 eligere
764 1450 954 1525 filiique
975 1451 1207 1507 omnium
1229 1454 1338 1507 sua--

100 1542 217 1579 rum
245 1524 498 1579 actionum
541 1524 693 1579 finem
723 1544 1032 1597 proponere,
1071 1529 1206 1600 quod
1240 1548 1337 1582 un*

101 1599 372 1674 dequaque
403 1600 474 1654 est
501 1599 807 1670 perfeetum,
844 1603 898 1654 ὃ(
925 1599 976 1653 in
1005 1620 1105 1673 quo
1131 1621 1338 1658 concur-—

101 1689 228 1728 runt
258 1693 430 1729 omnes
456 1674 674 1730 rationes
701 1694 811 1749 qnae
837 1693 943 1730 rem
963 1675 1337 1734 desiderabilem

104 1748 313 1804 faciunt.
389 1749 553 1824 Atqui
586 1750 672 1804 illa
704 1750 879 1805 elec‘tio
905 1770 1008 1805 non
1042 1752 1099 1805 fit
1130 1753 1227 1807 fine
1253 1755 1339 1807 de*

102 1823 462 1880 terminatione
485 1825 779 1891 voluntati5‚
817 1827 919 1899 qua
940 1827 1096 1882 homo
1117 1828 1338 1884 decernit

96 1900 193 1953 hoc
219 1899 443 1964 bonum,
481 1900 623 1973 quod
655 1900 891 1956 omnibus
931 1901 1042 1956 aliis
1067 1903 1333 1973 praeferen-

93 1974 219 2029 dum
245 1974 452 2047 judicat,
490 1974 578 2030 fibi
602 1975 832 2031 omnium
857 1975 1060 2032 suarum
1075 1978 1327 2035 ac‘tionuni

91 2048 247 2103 finem
268 2068 558 2120 proponere.
621 2052 693 2105 Ita
718 2069 810 2120 ego
833 2051 1019 2105 credidi
1040 2053 1172 2108 recte
1198 2056 1329 2125 poste

89 2122 218 2190 dici,
254 2123 478 2178 hominis
512 2125 824 2179 voluntatem
858 2124 912 2179 in
946 2125 1137 2182 bonum
1176 2129 1327 2197 ferri,

89 2197 243 2272 idque
264 2197 456 2253 bonum
489 2198 682 2271 semper
706 2198 768 2254 ab
797 2199 903 2271 ipso
930 2203 1242 2273 apprehendi
1268 2222 1327 2260 ut·

88 2273 384 2344 jucundum.
458 2273 514 2329 Si
558 2277 679 2328 vero
720 2275 888 2329 credas
931 2276 1177 2334 actionem
1225 2300 1327 2354 qua

88 2346 303 2403 ferimur
329 2347 381 2401 in
409 2348 598 2402 bonum
626 2347 772 2414 illud,
810 2348 1082 2422 improprie
1108 2353 1207 2408 dici
1235 2376 1325 2408 vo-

87 2421 366 2490 luntatem,
403 2423 484 2478 sed
512 2422 956 2505 debereappellari
991 2426 1324 2496 desiderium,

649 2500 670 2552 Ι
700 2517 715 2552 1
760 2518 786 2568 3
1202 2504 1321 2568 (mia
